885 1246
160 30 162 33 ”
174 36 205 52 1θῖ
456 40 556 52 unnuuomi

171 70 234 84 semus
248 64 355 89 exquirere.
366 64 421 83 Nunc
438 65 511 87 autem,
523 65 559 83 etsi
574 65 609 84 hoc
623 65 734 84 testimonio
749 71 845 89 caremus,

171 94 208 113 duo
222 95 288 113 tamen
302 94 350 113 haec
364 95 416 113 certo
430 94 501 114 seimus
508 92 531 113 ‘et
541 94 596 113 Petri
611 101 681 114 noxam
696 94 755 114 fuisse
769 96 847 121 publice

171 125 246 147 notam,
264 125 284 143 et
299 124 469 150 Archiepiscopum
483 125 507 144 ab
522 124 630 143 huiusmodi
652 125 790 150 impedimento
807 126 847 145 dis-

172 160 268 180 pensasse.
291 154 338 175 Quis
359 156 446 173 nostrum
461 160 495 180 pro
509 156 562 173 certo
575 154 659 174 affirmet
674 155 845 181 Archiepiscopum

173 184 295 204 Cardinalem
310 183 364 203 nulla
378 184 533 203 extraordinaria
547 184 641 204 facultate
655 184 714 204 fuisse
726 185 845 210 praeditum,

172 216 249 240 praeter
262 214 307 233 illas
320 220 369 239 quae
382 214 452 233 ceteris
468 214 564 240 impertiri
577 214 640 234 solent
656 214 769 240 Episcopis3
784 215 812 235 Et
829 216 846 235 si

172 245 208 264 hac
229 244 322 264 facultate
343 244 406 263 caruit
420 244 587 270 Archiepiscopus,
605 245 648 270 quis
668 245 706 264 sibi
721 245 844 270 persuadeat,

172 274 222 294 nihil
229 274 333 300 quaesisse,
342 274 392 293 nihil
400 274 504 297 dubitasse,
516 274 585 293 saltem
594 280 640 293 num
646 274 702 297 illud,
710 275 760 300 quod
766 275 847 295 nuntia-

172 305 229 324 batur
237 306 259 323 ut
266 304 369 327 occultum,
381 308 444 330 posset
453 304 509 323 facile
516 304 597 323 evadere
605 304 701 330 publicum
708 304 715 323 ἓ
721 304 773 330 Ergo
780 305 847 324 dicen-

172 335 218 354 dum
225 334 302 354 videtur
309 335 343 353 aut
350 334 504 358 extraordinarie
518 335 554 354 sibi
566 335 655 354 concessa
669 335 787 354 auctoritate
795 335 847 355 rela-

172 366 228 385 xavit
242 365 409 390 impedimentum,
419 366 453 384 aut
470 366 521 383 certe
540 364 641 384 dicendum
655 366 685 384 est
704 365 725 384 in
741 365 799 385 dubio
816 372 847 385 se-

171 397 253 421 quutum
268 394 327 414 fuisse
341 395 459 413 sententiam
478 394 552 420 Ligorii
567 401 600 414 seu
620 395 723 414 Doctorum
742 401 789 420 quos
804 395 847 415 lau-

173 426 214 445 dat.
230 425 302 445 Scribit
316 419 368 444 enim
382 431 398 443 s.
414 424 485 444 Doctor
501 424 535 443 lib.
551 424 565 443 6
581 431 603 443 n.
615 424 664 445 902.
677 432 686 443 α
696 424 788 444 Ceterum
802 432 847 451 pro-

173 464 183 475 »
198 455 288 475 habiliter
302 455 369 474 dieunt
379 454 534 474 communissime
544 454 642 477 Doctores,
654 461 742 480 generice
750 455 846 481 loquendo

173 494 183 505 ι
198 486 222 505 de
231 485 324 504 omnibus
330 485 409 504 casibus
422 491 463 504 szve
473 485 626 510 impedimentis
633 485 724 504 Pontifici
738 486 846 505 reservatis

173 524 183 535 ›
198 515 273 541 quando
287 515 388 534 dubitatur
401 521 426 534 an
441 515 542 540 indigeant
556 515 706 540 dispensatione.
729 515 779 537 Quia
800 522 847 535 cum

173 553 183 564 ν
199 546 219 565 in
234 545 316 568 casibus,
331 545 364 570 qui
379 544 489 570 frequenter
503 546 613 568 occurrunt,
631 546 696 570 posset
710 545 791 565 inferior
805 546 847 565 dis-

169 584 179 595 »
194 581 274 601 pensare
289 575 309 594 iu
324 575 366 600 lege
387 575 503 600 superioris,
515 576 563 594 bene
573 575 645 600 poterit
655 575 761 601 Episcopus
772 576 793 595 in
805 578 847 595 im-

171 614 180 625 »
192 606 319 632 pedimentis
333 605 400 624 dubiis
414 605 536 631 dispensare;
552 611 574 624 eo
588 605 637 631 quod
652 605 672 625 in
687 605 711 625 iis
732 605 846 631 frequenter

172 644 181 655 ι
196 636 280 662 contigit
294 636 383 655 dubitare
397 635 420 654 de
434 635 543 660 indigentia
557 635 714 661 dispensationis.
724 643 733 654 »

210 666 270 685 Nemo
284 668 349 685 autem
359 666 432 684 dixerit
441 665 462 684 in
473 665 513 684 illis
522 665 675 685 circumstantiis
685 666 783 685 commode
792 666 847 686 adiri

170 697 254 723 potuisse
269 696 336 715 Sedem
351 695 490 721 Apostolicam,
501 702 545 714 cum
559 695 629 714 Petrus
637 696 716 721 nuptias
726 697 803 721 postem
813 696 847 716 die

171 727 221 746 inire
235 727 319 752 petebat,
331 726 432 751 minaeque
444 726 541 745 instarent
555 726 644 751 gravium
655 725 757 745 malorum.
769 726 791 745 In
809 726 847 746 hu-

171 757 254 776 iusmodi
268 762 332 775 rerum
347 756 448 775 eventibus
461 755 551 781 Episcopi
566 756 626 775 etiam
640 762 652 775 a
666 756 748 781 publicis
762 756 846 782 impedi-

170 787 242 806 mentis
255 787 366 812 dispensare
388 786 467 811 possunt
482 787 503 805 ut
524 786 614 811 Ligorius
635 786 669 805 lib.
688 786 696 805 1
719 792 739 805 n.
758 786 797 805 154
811 787 847 806 do-

170 817 222 837 cuit:
239 825 248 835 ι
258 817 307 836 Item
321 817 385 842 potest
399 815 505 841 Episcopus
520 816 630 841 dispensare
640 816 660 835 in
671 816 745 841 legibus
758 822 846 836 commu-

172 855 181 866 »
196 847 253 867 nibus
261 846 358 872 pontificis
366 852 386 865 v.
393 852 423 871 gr.
433 846 453 865 in
462 846 605 871 impedimentis
613 846 759 865 matrimonii...
767 847 846 871 quando

171 885 180 896 »
196 883 234 896 non
248 878 278 896 est
292 875 356 895 facilis
370 876 435 895 aditus
444 876 468 895 ad
478 875 553 901 Papam
562 877 582 895 et
592 876 699 901 periculum
709 877 739 895 est
749 876 770 895 in
780 883 843 900 mora,

171 915 181 926 »
195 908 241 933 quia
254 907 290 926 hoc
304 906 382 932 expedit
396 906 419 925 acl
433 912 533 925 commune
547 907 652 926 bonum....
664 906 690 926 Et
705 907 725 926 in
740 906 771 925 his
780 907 846 926 omui-

171 945 180 956 >
195 938 231 957 bus
245 937 336 956 dicuntur
349 936 439 962 Episcopi
460 936 570 962 dispensare
592 938 638 956 iure
659 937 780 958 ordinario,
799 943 844 956 cum

171 975 181 986 »
196 967 243 987 talis
257 966 340 986 facultas
354 967 381 985 eis
391 967 488 992 competat
502 966 522 985 vi
537 967 610 992 proprii
624 966 689 990 officii,
709 967 740 986 cui
755 968 785 986 est
800 973 845 993 per-

170 1006 180 1016 »
196 1000 253 1023 petuo
267 997 348 1017 adnexa.
365 996 391 1016 Et
405 997 447 1016 ideo
462 998 542 1023 possunt
555 1003 598 1016 eam
612 997 708 1023 delegare,
727 999 749 1017 ut
763 1000 844 1017 certum

171 1035 181 1047 ›
196 1029 232 1047 est.
244 1035 253 1046 ›
269 1027 332 1055 Igitur
345 1034 370 1046 ex
383 1027 481 1046 sententia
495 1027 569 1052 Ligorii
583 1027 686 1047 Praelatus
701 1034 746 1047 usus
765 1029 796 1047 est
815 1027 845 1047 fa-

169 1058 249 1081 cultate,
260 1064 309 1083 quae
322 1057 340 1077 ei
356 1057 397 1076 iure
411 1057 509 1076 ordinario
522 1058 647 1083 competeret,
658 1058 679 1077 vi
691 1058 765 1084 proprii
774 1058 842 1081 officii,

168 1088 199 1107 cni
213 1089 243 1107 est
257 1089 348 1114 perpetuo
362 1087 449 1107 adnexa:
465 1093 511 1113 ergo
525 1089 565 1112 stat
575 1088 722 1107 matrimonium
732 1088 788 1107 Petri
799 1094 845 1107 cum

169 1118 247 1138 sabina.
