885 1246
157 64 188 80 1¹6
434 67 541 79 ustum-nn:

152 92 288 118 parochialem
298 94 391 118 accipiat.
403 91 457 114 Quod
469 92 545 117 quidem
557 98 580 111 ex
592 92 675 112 aliarum
687 98 761 118 quoque
773 92 823 112 Cou-

156 123 291 148 gregationum
306 122 408 148 responsis,
419 122 469 148 apud
484 122 625 142 ecclesiasticae
638 122 752 149 disciplinae
767 123 825 142 inter-

155 154 218 179 pretes
232 153 301 172 asserit
315 159 356 172 esse
366 149 463 179 rece'ptum
473 153 548 172 Girald.
562 155 584 172 in
602 153 659 173 Thes.
671 153 694 173 de
706 160 766 179 poen.
778 160 823 179 par.

155 184 169 203 2
181 190 222 203 ver.
238 183 307 203 Resid.
323 183 412 203 Lauren.
429 183 465 203 Ius
481 183 531 203 Can.
547 184 581 203 lib.
600 184 608 203 1
625 185 656 203 tit.
672 184 699 204 22
711 190 771 209 num.
787 184 822 203 92.

198 214 274 236 Quarto
287 214 376 239 denique:
392 214 437 233 dato
451 215 521 237 etiam,
536 215 585 240 quod
602 221 662 240 neque
679 220 703 234 ex
716 214 824 234 deficientia

156 245 197 264 veri
212 244 304 267 Beneficii
318 244 455 265 residentialis,
470 246 491 264 et
504 244 561 264 alicui
571 244 669 264 Ecclesiae
680 244 823 270 adscriptionis,

156 281 217 301 neque
231 281 256 294 ex
264 275 361 294 tenuitate
370 274 495 294 emolumenti
506 275 546 294 erui
561 275 628 301 possit,
639 275 688 301 quod
701 275 789 294 sacerdos
799 275 822 294 P.

156 312 176 325 se
190 312 201 325 a
216 305 347 325 iurisdictione
361 304 451 331 Episcopi
465 305 487 324 B.
502 305 583 328 eximat,
599 305 677 331 eiusque
691 305 715 324 ad
725 305 824 331 propriam

156 336 263 355 Dioecesim
279 335 336 355 illum
357 336 465 355 revocantis
481 335 533 355 iussa
552 335 642 359 declinet;
661 336 726 355 tamen
745 341 770 354 ex
786 335 825 355 alio

158 366 235 392 capite,
256 365 331 385 scilioe't
352 372 376 385 ex
396 366 488 385 nullitate
509 366 580 385 decreti
599 366 638 385 diei
652 366 665 385 9
688 365 757 385 Martii
777 365 827 385 1880

157 396 181 416 ad
195 396 365 422 obtemperandum
378 395 468 422 Episcopi
490 397 590 422 praecepto
604 397 645 422 cogi
662 396 737 422 nequit.
753 395 779 415 Et
796 403 826 415 re-

157 433 214 450 vera,
229 426 317 446 sacerdos
338 426 362 445 P.
385 426 409 446 ad
428 427 643 453 Archipresbyteratum
662 426 761 449 adscitus,
783 427 825 446 eius

156 457 294 483 possessiouem
308 457 345 476 rite
365 457 424 476 inivit
433 471 438 480 ,
454 458 474 477 et
490 457 569 483 proinde
583 457 686 477 Antistitis
699 457 722 477 T.
738 457 827 477 subditus

156 488 226 507 evasit.

197 517 257 537 Porro
271 517 291 536 in
306 517 347 537 iure
356 519 452 539 statutum
462 519 498 540 est,
510 519 531 537 ut
541 518 640 543 suspensio
650 524 705 537 suam
718 518 758 537 vim
769 518 827 538 habe-

157 550 185 572 at,
201 554 247 574 opus
261 553 309 570 esse,
325 548 347 566 ut
361 548 393 573 qui
407 553 449 567 eam
464 547 545 573 irrogat,
561 549 657 574 potestate
672 548 771 574 irrogandi
785 549 828 574 pol-

157 579 204 598 leat.
221 578 281 603 Atqui
298 577 403 603 Episcopus
419 577 442 596 Β.
462 577 555 597 sacerdoti
572 578 598 597 P.
619 578 705 597 eamdem
722 578 825 598 intimavit

156 609 213 629 extra
226 614 281 628 suurn
291 608 419 631 territorium,
431 608 463 628 ubi
473 608 513 634 ipse
523 608 727 635 Archipresbyteratus
739 609 826 629 officium

156 640 264 662 exercebat,
280 639 363 664 adeoque
377 639 455 665 impune
468 639 530 658 eidem
540 645 578 658 non
588 645 655 665 parere
664 640 825 665 permittebatur.

156 669 208 696 Ergo
222 669 310 689 concludi
324 670 395 695 potest,
412 668 529 689 sacerdotem
544 669 570 688 P.
589 670 612 689 ab
629 669 719 696 Episcopi
737 670 763 689 B.
782 671 829 690 obe-

156 701 230 720 dientia
244 706 284 720 esse
299 700 389 723 liberum,
405 700 425 719 et
439 699 518 725 proinde
532 700 653 726 praeceptum
668 700 706 720 diei
725 700 738 720 9
756 700 827 720 Martii

156 732 257 751 observare
271 736 309 750 non
324 730 393 749 teneri.

196 761 246 781 IURA
260 760 358 780 Emscom.
373 760 404 779 Ex
420 760 483 780 altera
497 762 551 786 parte
570 761 626 786 plura
644 762 754 784 occurrunt,
775 768 826 787 quae

157 792 198 812 iu'ra
207 791 297 817 Episcopi
307 791 331 810 B.
341 792 427 810 tuentur.
437 790 463 810 Et
473 791 534 816 primo
544 791 620 817 quidem
631 790 712 811 Ooncilii
721 791 830 811 Chalcedo-

156 822 221 842 nensis
235 821 284 841 sexti
299 821 419 844 constitutio,
435 827 491 846 quam
506 821 615 841 Tridentini
630 821 699 841 Patres
709 823 825 841 renovatam

156 852 265 875 voluerunt,
281 851 359 874 statuit,
375 852 397 871 ut
411 851 482 871 Clerici
497 851 598 874 universi,
621 852 683 871 statae
697 851 780 871 cuidam*
789 852 829 872 Eo-

154 882 223 902 clesiae
237 882 379 905 adscribantur,
395 881 468 907 ipsique
482 887 558 907 operam
573 882 601 901 ita
615 882 711 901 assiduam
726 885 828 908 praestare

155 913 243 935 debeant,
256 914 278 931 ut
286 912 319 937 qui
329 911 399 934 locum,
412 911 525 930 inconsulto
534 911 638 937 Episcopo,
649 912 746 934 deserant,
761 918 828 932 sacro-

156 948 198 962 rum
212 942 305 961 exercitio
320 942 360 961 sint
374 941 510 964 interdicendi,
525 941 584 961 Cone.
600 941 653 960 Trid.
670 941 722 961 Sese.
740 941 827 964 XXHI,

155 979 198 998 cap.
215 972 242 991 16
256 972 278 991 de
293 971 340 997 Res.
349 978 357 994 ,⁴
371 972 391 991 et
401 971 446 991 licet
456 978 480 991 ex
489 971 621 991 BeneXmV.
632 972 707 991 monitu
719 972 829 998 adscriptio

155 1003 214 1022 istaec
228 1002 305 1022 diversa
319 1002 344 1021 sit
358 1002 382 1021 ab
396 1001 438 1025 illa,
450 1008 507 1027 quam
521 1002 597 1027 antiqui
613 1008 695 1021 canones
714 1001 827 1022 faciendam

154 1033 325 1059 praescripserunt,
340 1033 417 1052 constat
431 1033 504 1055 tamen,
520 1032 599 1052 clericos
613 1032 657 1051 inde
672 1032 763 1052 districte
780 1039 828 1059 pro-

154 1064 223 1087 hiberi,
239 1070 263 1083 ne
278 1065 342 1083 invito
356 1062 452 1089 Episcopo
466 1063 505 1082 alio
519 1063 615 1082 secedant.
630 1062 657 1082 Et
670 1062 706 1082 hoc
725 1063 786 1082 etiam
805 1064 826 1082 in

154 1094 240 1114 Concilio
254 1094 344 1114 Romano
358 1094 503 1119 comprobatum
517 1094 553 1116 est‚
574 1093 614 1112 Tit.
633 1093 646 1112 6
661 1099 704 1119 cap.
725 1093 748 1112 6:
766 1095 829 1120 atque

155 1124 183 1144 ita
197 1124 269 1150 pluries
282 1131 295 1144 a
309 1123 329 1143 S.
345 1123 368 1144 C.
384 1123 407 1143 O.
423 1124 443 1143 et
461 1123 544 1143 vetustis
557 1125 577 1143 et
591 1124 729 1144 recentioribus
744 1130 828 1150 respon-

154 1154 180 1174 sis
190 1154 227 1174 suit
235 1155 307 1174 diserte
314 1154 417 1177 sancitum
426 1153 548 1178 Senngallien
552 1153 587 1184 219
593 1153 648 1180 Auy.
659 1153 722 1175 1592,
727 1153 829 1174 Ostunen.
