885 1246
348 77 449 89 nummum
701 73 732 90 163

100 102 289 122 Aurumvmsiouns
303 96 426 121 Dnrssusoms
440 108 527 122 vmcum.
538 101 644 121 Praemisit
654 108 696 121 sese
706 102 732 121 li-

62 133 128 152 benter
141 132 258 152 sententiam
272 132 404 151 consultorum
418 132 517 157 amplecti,
534 138 572 157 qua
586 133 642 152 ambo
660 138 731 151 conve-

63 162 126 185 niunt,
133 161 284 182 matrimonium*
292 162 313 181 in
327 168 372 181 casu
382 162 468 181 validum
483 168 531 181 esse.
547 162 693 182 Animadvertit
703 163 733 181 ta-

60 199 106 214 .men
120 193 141 212 in
155 192 230 218 primis,
241 194 304 212 totam
324 192 483 218 disceptationem
497 192 572 212 versari
587 193 608 212 in
622 192 731 215 statuendo,

63 220 127 242 u'trum
141 222 243 242 affinitatis
263 222 423 248 impedimentum
445 222 466 241 in
480 228 525 242 casu
539 222 648 242 habendum
662 223 689 242 sit
702 222 733 242 uti

62 253 158 273 oecultum
172 252 204 272 vel
218 259 267 276 norm
283 254 303 272 et
317 253 382 272 utrum
392 253 412 271 et
421 252 497 278 quando
508 252 530 271 in
539 253 684 278 impedimentis
691 253 733 272 iure

63 283 193 303 eeclesiastico
212 283 355 306 dirimentibus,
371 282 445 302 scilicet
459 283 480 302 in
493 283 576 302 secundo
590 283 651 308 gradu
665 289 689 302 ex
702 289 734 302 co-

64 313 108 339 pula
123 312 200 335 illicita,
211 312 312 338 Episcopis
326 312 449 338 dispensandi
463 314 549 338 potestas
563 313 597 332 sit.

103 342 205 362 Occultum
219 343 293 368 aliquid
307 349 347 362 esse
361 343 440 366 dicitur,
451 343 527 368 quando
541 343 587 363 licet
597 343 693 369 aliquibus
700 349 734 363 no-

63 375 112 396 tum,
123 379 162 392 non
176 374 206 392 est
219 374 285 392 tamen
299 373 367 392 notum
381 373 419 392 nisi
434 373 500 399 paucis
512 373 535 392 de
544 374 690 393 communitate.
702 373 734 393 Sic

64 404 84 423 in
97 410 158 429 parva
172 403 312 422 cummunitate
326 403 375 428 quod
389 403 461 423 duobus
471 403 502 422 vel
512 403 582 427 tribus,
593 405 613 423 et
623 404 644 423 in
654 410 732 429 magna,

62 433 111 459 quod
126 439 160 452 sex
173 433 204 452 vel
219 434 293 459 septem
307 434 374 452 notum
388 434 425 456 est,
438 433 535 453 occultum
553 434 637 457 dieitur-3
658 434 687 453 ita
703 435 734 453 ta-

64 470 108 483 men
122 464 145 483 ut
158 464 232 483 certum
246 463 266 482 id
280 463 442 489 apprehendatur-3
459 463 507 483 illud
522 470 567 483 vero
581 470 619 483 non
629 464 733 488 occultum,

63 494 113 519 quod
126 493 173 513 licet
187 500 199 513 a
212 493 333 519 paucioribus
347 494 446 519 cognitum
461 494 481 513 in
493 494 577 519 periculo
587 496 654 514 tamen
663 495 700 518 est,
712 495 735 514 ut

64 524 120 543 facile
134 524 159 543 ad
173 523 256 543 aliorum
270 523 400 549 cognitionem
414 524 512 544 deveniat.
528 524 594 546 Quoad
613 524 735 544 matrimonii

64 554 202 580 impedimenta
216 553 311 573 occultum
326 560 367 573 esse
381 555 445 579 potest
458 554 490 573 vel
504 555 640 574 materialiter
651 555 682 574 vel
691 555 735 580 for-

64 584 155 606 mamerz·
157 586 254 609 primum
261 590 305 603 cum
309 584 406 603 occultum
413 585 443 603 est
448 583 555 608 factum‚ex
561 591 598 610 quo
605 585 668 604 oritur
675 585 736 611 impe-

63 615 183 637 dimentum;
198 614 311 633 secundum
325 620 369 633 cum
383 613 457 633 factum
463 615 531 634 notum
545 616 582 638 est,
591 615 624 634 sed
634 615 736 641 ignoratur

63 651 88 664 ex
101 651 123 664 eo
139 644 298 670 impedimentum
312 644 366 664 oriri.
383 644 410 663 At
423 644 456 663 hic
470 645 536 670 gravis
550 645 662 670 exagitatur
678 651 736 671 quae-

63 675 109 697 stio,
124 680 150 694 an
163 674 227 700 posita
236 673 290 693 sacili
299 674 416 699 cognitione,
428 674 444 693 si
454 674 484 693 ius
494 675 601 700 ignoretur,
612 675 738 700 impedimen-

63 706 106 724 tum
120 704 236 730 simpliciter
249 704 346 724 occultum
360 704 398 723 dici
412 705 477 730 queat.
493 704 577 724 Plurimi
591 706 633 724 tum
649 706 732 728 veteres,

63 736 107 755 tum
121 735 236 754 recentiores
255 735 341 760 theologi
355 736 375 754 et
389 734 500 754 canonistae
514 735 534 754 id
548 735 654 754 affirmant.
675 735 736 755 Ratio

63 765 167 785 adducitur
181 772 192 784 a
206 765 305 784 Bonacina
319 765 340 784 in
354 767 412 784 tract.
428 765 451 784 de
465 765 504 791 leq,
520 765 572 791 disp.
588 765 607 784 1.
623 768 700 791 quaest.
713 764 734 786 2.

65 802 106 815 unc
128 795 150 816 ,2.
173 801 195 814 n.
218 795 238 814 7.
262 802 271 813 ι
280 795 334 815 Addo
355 795 515 821 impedimentum
536 795 610 815 censeri
630 796 735 819 oecultum,

66 833 76 844 ι
91 825 169 845 etiamsi
183 831 213 844 res
228 825 269 850 ipsa
284 825 363 848 sciatur,
375 825 407 844 sed
421 825 522 850 ignoretur
529 825 633 845 secundum
641 826 737 845 rationem

65 863 75 874 ν
92 855 239 881 impedimenti,
254 861 287 874 seu
302 855 462 880 impedimentum
478 861 516 874 non
531 856 557 875 sit
571 856 676 881 publicum,
690 862 737 881 qua-

64 893 75 904 )
91 887 147 905 tenus
162 885 322 911 impedimentum
338 892 348 903 ν
361 899 365 904 .
379 900 383 904 .
397 900 402 904 .
415 900 419 904 .

105 915 266 941 Impedimentum
280 915 301 934 in
316 915 402 937 themate
415 915 480 934 visum
494 914 589 934 defensori
604 916 634 934 est
645 915 738 934 materia-

62 946 110 965 liter
123 947 144 965 et
158 945 266 965 formaliter
284 945 388 965 occultum.
411 945 500 964 Primum
514 945 560 970 quia
578 945 645 971 agitur
659 951 698 964 non
712 945 736 964 de

61 975 148 1002 simplici
163 976 251 995 amicitia
264 981 313 1001 quae
327 976 379 995 inter
393 975 474 995 Petrum
488 976 508 994 et
522 975 614 994 Sabinam
630 975 738 995 intercede-

60 1007 104 1029 bat,
116 1006 149 1025 sed
156 1006 179 1025 de
189 1005 298 1031 cognitione
307 1006 386 1031 copulae
395 1005 480 1025 carnalis
488 1005 540 1025 inter
549 1011 581 1024 eos
590 1005 676 1028 habitae,
687 1005 738 1031 quod

61 1037 117 1056 certe
131 1036 184 1056 nosci
197 1036 249 1055 haud
263 1037 346 1062 poterat,
358 1036 397 1055 nisi
411 1036 441 1055 illi
456 1035 633 1059 manifestaverint,
644 1035 690 1055 dum
700 1035 738 1055 Pe-

61 1068 107 1086 trus
117 1073 192 1092 semper
205 1066 293 1091 negavit,
305 1067 325 1085 et
338 1066 403 1085 forsan
417 1066 451 1085 uni
466 1066 553 1085 Parocho
567 1065 629 1085 fassus
645 1067 682 1085 est.
705 1065 739 1085 Se-

61 1096 149 1116 eundum
162 1097 227 1116 autem
241 1096 286 1121 quja
300 1096 352 1115 inter
365 1097 425 1117 testes
441 1096 478 1116 duo
492 1095 626 1115 tantummodo
640 1097 737 1119 asserunt,

61 1128 225 1154 impedimentum
235 1127 337 1147 affinitatis
347 1127 398 1147 inter
407 1133 486 1153 sponsos
495 1126 579 1146 existere
589 1132 609 1146 se
616 1132 738 1152 cognoscere:

61 1160 85 1179 et
99 1159 145 1185 quia
159 1159 257 1179 Parochus
271 1159 312 1185 ipse
326 1158 485 1185 impedimentum
506 1158 670 1181 animadvertens,
689 1156 739 1178 illud
768 1173 770 1175 .
