885 1246
160 50 182 66 ³1·
392 52 499 65 nsnncnoms
510 52 595 64 nnsmms

161 85 171 97 ›
182 78 255 97 sionem
266 83 353 97 annuam
368 78 405 96 etc.
419 84 428 95 ›
439 76 491 97 Haec
505 77 570 96 autem
591 76 706 96 secumferre
723 82 762 95 non
775 76 829 96 dota-

159 108 240 131 tionem,
252 108 284 127 sed
299 107 401 127 existentis
415 107 454 127 iam
468 107 572 126 dotationis
586 106 749 133 supplementum,
763 105 829 126 favore

158 137 248 164 Epismpi
263 138 287 157 B.
303 137 406 157 Pontifioia
419 137 521 157 voluntate
537 143 654 160 eoncessum,
665 136 715 162 quod
729 136 827 163 pensionis

158 168 262 188 essentiam
277 174 315 187 non
330 167 420 187 destruit.

199 198 256 218 Hisce
270 198 291 218 in
305 197 357 217 facto
370 198 481 224 praeiactis,
492 197 540 217 duas
554 197 602 217 iuris
622 197 744 223 quaestiones
761 203 829 223 propo-

158 229 223 249 nebat.
237 229 255 248 l.
266 228 298 247 An
312 228 405 254 obligatio
418 228 529 254 pensionem
550 227 637 247 solvendi
656 227 756 247 duraverit
770 233 829 253 usque

158 259 220 278 adhuc
234 259 254 278 2.
264 259 360 284 quatenus
369 258 493 281 affirmative,
505 264 530 277 an
540 257 636 283 pensionis
646 257 750 277 diminutio
765 257 827 277 locum

158 289 228 309 habeat
242 289 266 308 ad
280 294 368 308 normam
382 288 453 308 decreti
470 287 522 307 Cum
536 289 672 314 nuperrimis.

199 319 266 342 Quoad
280 319 363 345 primum
371 319 487 344 quaesitum,
499 318 600 338 ostendens
610 318 689 338 Mensae
698 318 722 338 O,
734 318 829 338 conditio-

159 357 204 371 nem
217 350 304 369 funditus
320 355 361 369 esse
375 350 506 372 immutatam,
518 355 561 369 eum
576 355 611 369 nec
627 349 711 369 decimae
730 355 765 369 nee
778 350 835 369 bona*

158 380 244 404 stabilia,
260 386 321 406 neque
332 380 385 399 aliud
399 381 457 405 caput
469 379 600 405 quodcumque
616 380 718 406 impositae
731 380 829 406 pensionis

158 413 246 437 'tempore
264 411 350 430 existens
364 411 385 430 in
401 410 499 436 praesenti
513 410 616 437 supererit,
632 411 759 431 contendebat
780 416 828 436 pen-

158 442 231 461 sionem
245 441 265 460 in
280 447 341 461 vanas
352 447 409 460 auras
419 441 495 464 abiisse,
507 441 607 460 deficiente
616 441 701 461 eiusdem
715 440 829 460 fundamen-

158 473 185 491 to.
196 472 263 498 Neque
277 471 429 497 respondendum
441 477 490 494 esse,
508 471 549 490 lo'co
569 471 661 491 bonorum
680 471 779 491 stabilium
795 471 828 491 vel

158 502 245 529 capitum
259 502 367 524 mobilium,
384 501 451 521 haberi
465 501 548 521 reditum
562 508 574 521 a
587 501 681 521 Gubernii
699 501 774 521 aerario
788 501 827 520 sol-

158 533 250 552 vendum.
261 532 317 551 Hunc
331 538 414 557 namque
429 538 470 551 esse
489 538 540 551 mere
559 531 678 557 personalem
687 546 692 555 ,
707 539 720 552 a
732 532 827 551 Gubernii

158 562 239 582 arbitrio
252 562 398 588 dependentem,
409 568 421 581 a
435 561 539 581 dotationis
548 563 619 582 natura
629 562 706 588 penitus
720 562 826 584 diversum,

158 599 238 619 eumque
251 599 274 613 ea
287 598 385 618 nunquam
400 591 561 612 eonfundendum.

197 623 263 646 Quoad
275 623 379 643 secundum
394 623 464 642 iterum
480 622 611 642 demonstrata
620 629 678 642 verae
689 623 787 649 pensionis
796 624 828 643 in·-

157 654 207 678 dole,
218 653 314 673 mordicus
328 653 431 672 insistebat
447 658 480 678 pro
490 653 531 672 eius
538 652 667 673 diminutione
680 653 710 673 vel
724 654 783 673 etiam
793 660 828 673 ex—

157 685 258 704 tinctione.
269 684 318 704 Gum
331 683 382 703 enim
397 683 463 709 pensio
477 683 503 702 sit
517 684 570 702 oerta
579 689 623 709 pars
633 683 730 703 fruetuum
744 683 827 703 alicuius

157 715 253 738 beneficii,
264 714 306 734 eius
320 715 390 733 sortem
405 713 458 739 sequi
468 713 551 732 deberet.
562 713 650 733 Mensam
660 713 684 733 Ο.
697 713 784 737 100‚ooo
791 721 828 734 an-

157 752 205 765 nuas
219 744 295 765 libellas
308 744 348 763 iam
362 743 474 769 possedisse:
485 743 505 762 in
516 744 612 769 praesenti
624 744 658 764 vix
670 744 741 764 13712:
750 744 776 764 38
787 744 828 764 'ser-

156 782 211 799 var-ey
227 775 262 794 hoe
275 776 305 794 est
321 774 355 793 vix
369 775 444 793 sextam
458 773 533 799 antiqui
554 773 627 793 reditus
645 775 727 800 partem.
743 774 827 801 Propon-

157 806 209 825 tione
219 805 293 828 eadem,
302 804 363 830 quoad
373 804 483 830 pensionem
490 804 589 828 instituta,
601 804 650 824 erui:
661 805 684 824 de
695 805 766 825 libellis
772 804 827 825 4800

156 836 191 855 vix
210 835 286 855 415220
306 834 400 860 Episcopo
420 834 444 853 B.
462 834 534 854 deberi.
552 834 583 854 Ex
599 835 630 854 his
648 835 734 855 detracto
753 836 826 855 tributo

156 867 240 892 triginta
260 866 369 886 libellorum
391 866 436 891 pro*
445 865 530 891 quolibet
544 866 662 889 centenario,
673 873 750 886 manere
770 867 826 887 libel-

158 897 187 917 las
194 897 241 917 293:
252 896 286 916 26.
516 909 518 912 ψ

197 927 288 947 Ceterum
302 932 387 946 mensam
402 926 426 946 B.
437 926 485 946 satis
499 926 613 953 locupletem
628 926 700 947 factam
715 927 774 948 fuisse
790 935 826 948 an-

156 964 181 977 no
197 957 255 981 1803,
273 963 316 977 enm
325 957 366 976 loeo
376 963 409 976 sex
418 957 531 983 oppidorum
540 957 626 977 Dioeeesi
636 958 661 977 A.
672 958 823 984 assignatorum,

156 994 190 1007 sex
203 987 271 1007 habuit
285 987 354 1013 oppida
369 987 505 1006 florentissima
518 993 530 1006 a
539 987 625 1007 Dioeoesi
635 987 659 1007 O.
670 989 746 1008 avulsa:
756 989 825 1014 quibus

155 1018 234 1037 nonnisi
248 1017 272 1037 ad
288 1017 427 1037 abundantiam
448 1018 514 1043 pensio
534 1018 599 1037 addita
613 1020 649 1038 est.
660 1018 733 1038 Verum
747 1025 788 1038 esse
803 1019 824 1038 in

155 1048 260 1074 praesenti,
271 1048 355 1068 reditum
369 1054 393 1067 ex
408 1048 483 1074 publico
493 1048 574 1067 Aerario
581 1049 658 1068 tantum
673 1049 693 1068 in
703 1049 775 1069 libellis
784 1049 824 1069 743

154 1077 248 1104 Episcopo
262 1078 286 1098 Β.
298 1078 357 1098 fuisse
370 1078 506 1098 constitutum:
524 1079 555 1098 ast
569 1078 625 1098 illum
646 1079 724 1099 aliunde
740 1079 821 1105 habere,

155 1109 204 1128 unde
218 1108 301 1128 defectui
315 1108 434 1134 amplissime
448 1108 544 1134 suppleat.

194 1139 285 1160 Emscom
300 1139 324 1158 B.
335 1145 485 1158 RESPONSIONES.
496 1138 527 1158 Ex
541 1138 610 1159 Bullae
624 1140 696 1164 verbis,
707 1147 729 1160 ae
741 1147 765 1162 ex
774 1140 822 1167 ipsis
