885 1246
174 60 196 75 ⁷ss
454 63 553 75 unnruomn

175 88 273 107 cardinem
283 87 362 113 reperiri
370 88 437 107 debere
447 89 501 107 tenet
510 88 530 107 in
539 88 608 113 agendi
619 88 693 107 ratione
703 87 811 108 Sacerdotis
818 88 843 108 Η,

176 118 208 144 qui
222 118 253 137 vel
268 117 373 143 sacrilegus
387 117 417 137 vel
430 118 512 137 mendax
531 118 620 137 dicendus
636 122 672 138 est.
691 118 732 144 Ipse
749 118 842 144 siquidem

175 148 299 167 matrimonio
311 148 415 170 benedixit,
427 148 447 167 in
457 148 506 167 bona
516 148 552 167 fide
562 148 652 173 coniuges
662 148 748 174 reliquit,
760 149 779 167 et
788 149 843 168 modo

175 178 320 198 matrimonium
335 178 405 203 ipsum,
416 184 440 197 ex
450 177 525 197 defectu
539 178 685 201 iurisdictionis,
697 178 771 197 nullum
782 178 844 198 decla-

175 210 213 228 rat.
230 209 272 234 Age
286 208 309 227 de
324 208 416 234 praedicti
430 208 538 228 Sacerdotis
553 209 644 231 moribus,
663 208 686 228 de
702 208 771 234 quibus
792 210 844 228 certo

173 239 246 258 certius
261 238 280 257 in
296 238 331 257 tali
345 244 403 257 causa
417 238 516 264 inquisitio
531 239 574 259 erat
593 238 713 264 peragenda,
729 238 805 258 nullum
824 239 843 258 in

174 274 262 294 processu
270 268 352 288 habetur
359 269 446 291 verbum,
453 274 496 287 cum
503 269 580 288 tantum
588 268 622 288 ille
629 269 729 294 perhibeat
736 269 825 288 exulasse
832 276 843 288 a

174 299 237 325 patria
251 300 309 324 atque
323 298 387 318 fixisse
402 298 484 318 Parisiis
498 298 623 322 domicilium,
633 299 652 318 in
665 299 752 325 paroecia
766 306 782 318 s.
794 299 841 319 Phi-

175 329 230 355 lippi.
246 328 311 354 Neque
327 329 409 348 ulterius
423 328 600 355 Archiepiscopum,
617 335 676 354 neque
691 329 790 349 Vicarium
809 336 844 355 ge-

175 359 268 381 neralem,
280 364 341 384 neque
350 358 458 378 Parochum
473 365 488 377 s.
500 358 599 382 Germani,
611 359 631 378 in
640 359 694 378 cuius
706 359 794 385 paroecia
804 366 844 379 mo-

174 389 254 409 rabatur
268 395 355 414 sponsuS‚
367 389 495 414 interrogatos
510 388 568 408 fuisse
581 390 665 412 constat,
676 389 699 408 de
713 395 802 411 concessa
811 390 843 409 vel

161 423 164 426 ·
176 425 213 438 non
228 419 307 438 licentia
321 419 382 438 eidem
397 418 502 441 Sacerdoti,
513 425 570 444 quam
585 419 639 438 modo
653 421 751 445 acceptam
768 420 799 439 hic
811 420 844 439 de-

174 451 245 475 negat3
261 455 322 475 neque
336 449 411 468 demum
426 456 437 468 a
452 449 533 469 testibus
547 449 567 468 in
582 455 670 474 processu
682 450 769 469 adductis
779 456 791 469 a
801 456 843 470 mu-

175 480 229 503 liere,
241 480 290 500 unde
304 480 339 498 hoc
353 479 431 502 scirent,
443 479 550 505 expetitum
566 486 609 499 cum
619 480 642 499 de
651 479 702 499 facto
712 480 787 499 occulto
797 487 844 506 age-

174 512 228 530 retur
242 511 290 536 quod
305 517 329 529 ex
342 510 383 529 sola
397 510 504 530 Sacerdotis
518 511 635 530 confessione
653 511 740 536 cognosci
757 513 841 537 poterat.

174 541 211 561 Sed
225 547 270 567 prae
285 541 353 560 ceteris
367 541 476 566 graviorem
490 541 584 560 defectum
604 537 722 560 lamentatur
736 541 808 561 vindex
823 542 843 561 in

175 570 278 590 omissione
291 570 396 590 auditionis
410 571 496 593 testium,
510 571 543 596 qui
562 571 664 597 subscripti
680 573 749 590 extant
767 571 788 590 in
804 571 844 594 ,fide

175 601 304 625 Matrimonii,
312 604 392 621 exarata
400 608 458 621 manu
464 602 523 627 ipsius
531 602 645 628 presbyteri.
656 601 784 621 Omissicnem
791 603 844 622 euim

174 632 282 652 huiusmodi
290 632 395 651 nullimode
404 632 492 652 excusari
502 639 555 658 posse
566 634 629 655 tenet;
640 632 791 658 quandoquidem
802 633 843 659 ipse

174 662 271 682 Sacerdos-
280 662 353 681 fatetur
366 662 441 681 eosdem
456 661 538 681 defuisse
552 662 572 681 in
584 662 703 681 matrimonii
712 662 843 682 celebratione

174 689 194 712 et
208 688 260 715 dein,
271 699 295 711 ne
310 692 358 711 forte
374 693 394 711 in
407 692 578 718 contradictionem
593 692 693 715 incideret,
708 693 779 712 asserit
795 693 842 719 ipsis

176 722 287 748 patefecisse
302 722 395 745 fraudem,
406 724 426 741 et
440 728 471 741 eos
485 722 535 750 lianc
547 722 667 748 adprobasse.
683 723 768 748 Tandem
779 723 843 742 anim-

173 752 260 772 advertit
274 753 323 778 quod
337 752 407 772 mulier
428 752 530 778 epistolam
548 759 599 772 anno
617 752 668 772 1878
684 753 720 772 sibi
736 759 748 772 a
764 754 844 779 presby-

174 784 216 802 tero
231 783 255 802 Η.
266 783 393 808 conscriptam
408 782 467 801 iudici
481 782 575 805 exhibuit,
587 782 646 808 deque
657 782 693 802 hac
703 784 803 808 presbyter
813 784 845 802 in-

172 813 256 838 quisitus
271 812 355 839 reposuit
364 820 373 830 ‹
380 813 494 838 scripseram
503 812 553 832 hauc
563 812 657 835 litteram,
669 814 690 832 ut
700 813 843 833 accusationem

174 845 289 866 averterem,
300 849 338 868 qua
351 842 451 862 dicebatur
463 849 494 861 me
508 842 590 868 spoliare
608 842 689 862 fortunis
708 843 792 863 voluisse
806 843 844 863 eo-

143 890 145 892 ,
174 873 277 895 mitissam,
289 872 354 892 favore
364 872 468 898 Principis.
481 872 512 892 Ex
521 873 556 892 hac
566 879 622 898 porro
632 873 754 899 responsione
763 873 842 893 dubium

174 903 228 923 oriri.
244 904 308 928 urget,
323 903 418 928 quandam
433 903 556 922 collusionem
572 903 701 922 intercessisse
711 903 763 922 inter
773 903 843 923 mulie-

174 940 215 953 rem
229 934 248 952 et
263 932 390 956 Sacerdotem,
402 932 433 952 vel
447 933 523 956 saltem,
536 933 608 952 intuitu
622 933 786 959 querimoniarum
800 940 844 954 mu-

174 964 235 986 lieris,
251 961 337 983 eumdem
352 963 436 989 turpiter
445 963 531 983 mentiri.
547 963 620 983 Harum
635 964 656 982 at
670 970 715 982 vero
729 963 840 987 literarum,

172 1000 221 1020 quae
235 994 339 1013 maximam
354 993 422 1013 afferre
437 993 498 1012 lucem
512 995 609 1018 poterant,
621 999 644 1013 ne
656 993 755 1019 exemplar
764 994 842 1019 quidem

173 1024 194 1043 iu
207 1023 256 1042 actis
270 1023 351 1049 reperiri
364 1023 458 1049 queritur.
475 1022 538 1045 Quare
551 1030 575 1042 ex
588 1024 612 1043 iis
621 1023 755 1043 omissionibus
765 1024 842 1044 deducit

173 1060 210 1073 non
225 1054 289 1073 omnia
304 1054 324 1073 in
339 1054 381 1073 luce
395 1053 508 1076 clarescer&
524 1053 639 1079 subindeque
654 1053 719 1073 iudicii
730 1060 843 1080 comperen-

172 1083 290 1103 dinationem
305 1090 329 1103 ex
343 1085 372 1102 tot
387 1083 484 1108 tantisque
499 1083 658 1103 substantialibus
672 1083 692 1102 in
706 1089 796 1109 processu
810 1084 843 1103 de-

174 1113 254 1134 fectibus
268 1121 279 1134 a
294 1114 314 1134 S.
326 1114 348 1134 ΟΔ
360 1113 498 1133 decernendam
512 1119 552 1132 esse
567 1113 663 1133 concludit
677 1113 700 1133 ad
714 1113 755 1137 hoc,
764 1116 786 1133 ut
799 1121 843 1140 pro-

164 1144 267 1164 'cessimles
281 1146 335 1164 actus
350 1143 471 1170 expleantur.
