885 1246
355 49 454 61 unniuoun
706 44 735 60 16¹

66 74 126 99 q‘uare
140 79 178 92 uon
189 73 274 99 potuerit
287 73 393 99 Episcopus
407 73 495 92 relaxare
504 73 663 99 impedimentum
673 74 708 92 aut
717 73 738 92 vi

66 103 167 123 facultatis
180 110 196 122 s.
212 103 386 126 Poenitentiariae,
400 99 436 123 aut
450 103 519 123 saltem
532 103 553 122 vi
568 103 671 129 probabilis
686 104 739 129 pote-

66 134 131 156 statis,
141 140 178 159 qua
186 134 270 159 gaudent
277 133 368 159 Episcopi
383 140 407 152 ex
423 135 546 159 praesumpta
561 133 662 152 Pontificis
671 133 740 152 volun-

65 165 114 183 tate.
138 163 204 189 Neque
219 163 350 189 responsiones
368 170 384 182 s.
400 163 565 183 Poenitentiariae
579 163 666 183 limitare
685 170 739 189 posse

65 194 157 213 videntur
169 193 220 221 'hane
234 193 337 212 secundam
351 193 489 219 Episcoporum
501 194 617 219 potestatem
626 193 651 213 ad
661 194 739 219 dispen-

67 224 148 243 sandum
162 223 295 243 tantummodo
310 224 330 242 in
344 224 419 243 oeeulto
433 224 578 249 impedimento,
594 224 643 249 quod
657 224 683 243 sit
698 224 737 244 tale

65 253 173 273 formaliter
187 255 207 272 et
221 254 357 277 materialiter,
373 260 411 273 uon
425 254 478 273 enim
492 254 558 279 agitur
572 254 595 273 de
610 254 703 274 faoultate
713 255 737 274 ab

65 284 106 309 ipso
116 284 206 309 elargita:
223 283 265 303 Hae
274 284 311 303 duo
321 283 424 304 facultates
433 284 551 304 considerari
560 285 640 310 queunt,
656 291 691 304 ceu
701 284 738 303 duo

64 313 124 333 rivuli
138 320 150 333 a
164 319 260 339 suprema,
276 320 325 339 quae
344 315 374 333 est
388 314 408 333 in
422 314 510 333 Ecclesia
526 314 553 333 R.
569 314 670 333 Pontificis
684 315 738 339 pote-

64 344 116 362 state
130 343 266 366 dimanantes,
282 349 331 363 unus
352 344 376 363 ab
396 343 459 363 altero
477 343 635 369 independenter.
653 343 738 363 Aliunde

64 374 141 399 quando
160 373 319 399 impedimentum
337 375 367 393 est
385 373 481 393 occultum
498 373 618 397 formaliter,
634 380 668 399 per
686 374 736 393 cele-

66 403 174 423 brationem
193 403 313 422 matrimonii
332 403 392 423 vitari
410 404 490 429 possunt
504 404 524 422 et
540 403 629 422 vitantur
643 403 666 422 de
686 403 736 423 facto

65 433 135 459 gravia
152 433 250 456 scandala,
265 439 326 459 neque
342 439 366 452 ex
384 433 513 453 celebratione
528 433 646 452 matrimonii
660 433 738 459 aliquod

65 463 178 483 scandalum
193 463 287 489 sequitur.

107 493 192 512 Tandem
202 493 331 512 concludendo
340 493 369 512 ait
382 493 489 513 consultor:
500 499 544 513 cum
553 493 600 512 haec
614 494 699 519 potestas
709 500 739 513 se-

66 523 128 543 cunda
141 523 278 549 Episcoporum
298 523 324 543 sit
338 524 492 543 extraordinaria
511 525 530 543 et
544 523 616 548 attingi
631 525 713 549 nequeat
727 530 739 543 a

65 554 220 579 responsionibus
234 560 250 573 s.
262 553 427 573 Poenitentiariae
437 560 441 577 ;
457 554 477 573 et
491 559 534 572 cum
544 552 636 572 fundetur
645 553 666 572 in
678 554 739 573 inter-

65 584 164 610 pretativa
177 583 279 603 pontificis
293 584 401 607 voluntate,
417 584 498 609 supponi
512 579 579 609 nequit
588 584 638 609 quod
648 583 739 603 Summus

65 613 160 633 Pontifex
173 613 222 633 veli't
236 613 331 639 denegare
350 614 519 640 dispensationem,
535 613 610 639 quando
626 613 659 639 qui
671 613 735 639 petiit,

65 645 86 664 et
100 644 130 663 illi
148 644 180 669 qui
195 644 337 670 dispensatione
352 646 441 667 utuntur,
456 650 522 663 omnes
534 644 554 663 in
569 645 619 663 bona
631 644 667 663 fide
684 645 737 667 sunt,

65 680 100 694 ceu
111 674 178 693 evenit
191 674 212 693 in
224 681 276 694 casu.
292 674 342 694 Nam
352 674 457 697 Parochus,
473 674 579 700 Episcopus
588 676 609 693 et
622 674 738 693 contrahen-

66 705 96 724 tes
109 710 175 724 omnes
189 704 210 723 in
224 705 273 724 bona
283 704 320 724 fide
334 705 475 724 inveniuntur:
491 705 511 723 et
525 704 567 723 ideo
576 704 657 724 nullitas
670 705 739 724 matri-

65 734 125 754 monii
134 734 186 754 haud
196 734 244 754 satis
258 735 338 760 probata
347 734 438 758 videtur3
454 734 526 760 eoquod
541 734 557 753 si
571 740 610 753 non
620 735 649 754 est
661 735 739 754 omnino

65 766 147 787 certum,
163 764 233 784 saltem
247 764 304 784 valde
318 764 416 790 probabile
430 765 460 784 est
469 764 585 790 Episcopum
599 764 665 784 valide
676 765 737 790 impe-

66 795 174 814 dimentum
184 794 288 814 relaxasse.

107 824 179 844 VOTUM
194 825 328 844 CANONISTAE.
345 825 394 845 Cum
408 825 521 850 cogitarem,
532 825 561 844 ait
576 825 620 848 iste,
634 831 659 844 an
673 825 738 850 aliqua

66 854 106 874 alia
115 854 195 873 vadesset
208 854 272 880 potior
285 854 336 873 ratio
350 854 448 874 asserendi
462 854 555 880 ooniugii,
566 854 605 873 rite
619 854 664 873 initi
674 860 738 873 eoram

65 884 160 907 Eeclesia,
172 884 287 903 auctoritate
300 883 345 903 Emi
355 884 507 910 Arebiepiscopi,
519 884 579 903 trium
588 890 683 904 annorum
693 890 738 910 spa-

67 915 95 934 tio
108 921 120 934 a
134 914 211 933 nemine
225 914 245 933 in
260 914 338 933 dubium
353 914 445 937 revocati,
457 914 492 933 illa
508 914 630 940 potissimum
645 914 737 937 oocurrit,

66 944 115 970 quod
129 944 230 970 scrupulus
244 944 313 963 irritae
327 944 482 970 dispensationis,
500 944 557 964 valde
571 945 665 964 incertam
679 944 739 970 orig-1-

66 980 110 993 nem
124 974 190 1000 habet,
202 975 280 1000 totaque
294 974 342 994 haec
355 975 487 994 controversia
500 974 626 994 fundamento
639 975 692 994 earet
709 974 740 993 in-

66 1004 166 1024 dubitatae
179 1005 199 1023 et
213 1004 313 1029 legitimae
331 1004 460 1024 auctoritatis.
481 1004 531 1024 Nam
550 1004 669 1030 probandum
688 1005 739 1023 esset

65 1034 148 1053 defuisse
162 1034 183 1053 in
197 1031 345 1060 A'rchiepiseopo
355 1035 492 1054 auctoritatem
502 1034 602 1054 relaxandi
611 1034 739 1060 impedimen-

66 1065 116 1087 tum,
127 1064 196 1084 saltem
211 1064 267 1083 dubie
281 1064 385 1090 publicum.
402 1064 422 1084 Si
436 1064 497 1084 Efflus
507 1062 667 1090 Archiepiscopus
676 1064 739 1084 adhue

66 1094 87 1113 in
101 1094 153 1113 vivis
166 1095 240 1119 ageret,
252 1094 314 1120 ipsum
328 1094 430 1118 sciscitari,
442 1095 466 1114 ab
480 1095 521 1120 ipso
535 1095 563 1114 rei
577 1094 681 1114 veritatem
696 1101 739 1120 pos-

98 1137 139 1153 am,
147 1136 183 1150 τω,
193 1136 231 1149 nv.
238 1136 274 1153 sm.
285 1136 327 1150 cmx.
659 1137 673 1150 n
