885 1246
351 54 449 67 unnmosn
706 52 730 68 77

102 79 132 98 Ad
146 79 249 98 secundm
264 80 321 105 caput
336 79 404 99 deinde
417 80 548 106 progrediens,
560 81 612 100 totus
626 81 646 100 in
660 87 682 100 eo
698 82 741 100 est·

60 109 182 129 Matrimonii
196 108 288 128 Defensor
302 110 324 129 ut
337 110 474 129 oertitudinem
488 110 579 130 celebrati
594 111 678 136 coniugii
698 118 729 130 as-

61 140 119 162 serat,
138 140 179 159 tum
194 146 217 159 ex
234 139 271 159 fide
289 140 401 159 authentica
414 140 556 163 celebrationis,
572 144 651 160 exarata
670 147 728 166 manu·

61 169 175 192 Sacerdotis,
186 170 219 195 qui
233 170 282 189 ritus
296 176 362 189 omnes
371 170 468 190 Ecclesiae
479 170 579 194 adhibuit3
591 172 632 190 tum
643 178 667 190 ex
676 171 727 191 facto

61 199 171 225 coniugum,
187 199 219 225 qui
234 206 258 219 ex
271 200 301 219 die
315 200 453 219 celebratarum
468 200 579 226 nuptiarum
594 201 667 221 iuribus
686 208 729 221 ma-

61 231 148 250 trimonii
162 237 238 256 operam
252 231 353 254 dederunt,
368 232 388 250 et
397 231 459 251 filium
478 231 522 251 inde
537 233 609 255 ortum,
625 234 647 251 ut
661 233 730 258 legiti*

60 268 113 281 mum
128 261 206 280 inscribi
220 263 312 280 curarunt
327 261 346 280 in
361 261 442 287 regestis
456 262 608 287 baptizatorum3
622 263 662 281 tum
673 263 737 282 deni-⁴

59 298 96 317 que
116 298 140 311 ex
161 290 211 310 facto
232 291 292 317 ipsius
313 291 427 315 Sacerdotis,
442 291 475 317 qui
496 294 572 318 praeter
593 292 726 313 testimonium

60 322 168 342 exhibitum
176 321 199 340 ad
208 321 278 341 famam
286 328 398 347 sponsorum
405 322 564 347 praecavendam,
572 322 648 342 Patrini
656 329 727 343 munus

61 352 80 371 in
94 352 211 377 baptismate
225 352 278 377 pueri
292 351 385 377 explevit.
409 351 472 371 Donec
490 358 536 377 ergo
554 353 672 372 contrarium
688 359 727 373 non

59 382 167 405 evincatur,
188 383 242 401 actus
262 381 295 401 ille
308 381 364 407 pleno
380 382 400 401 in
419 388 453 401 suo
471 382 537 401 robore
551 384 629 402 maneat
642 384 725 409 oportet,

60 412 116 431 iuxta
130 412 198 431 tritam
212 411 259 430 iuris
274 411 373 437 regulam:
388 410 442 431 actus
461 412 542 437 quilibet
557 412 578 431 in
592 419 627 432 sua
644 414 725 432 externa
744 433 746 435 ,

60 441 123 461 forma
136 441 205 467 legalis
219 443 248 460 est
262 441 392 464 sustinendusy
403 442 441 461 uisi
455 441 513 461 aliter
530 439 674 462 evidentissime
692 443 725 462 de-

60 472 185 491 monstretur.
200 471 361 490 Evidentissirmis
373 472 438 491 autem
448 472 569 497 probationes
578 473 599 492 in
608 473 726 493 contrarium

60 502 140 521 minime
154 502 219 521 adesse
233 501 361 527 prosequitur.
381 501 537 527 Quandoquidem
548 502 674 528 inverisimile
688 504 725 526 est,

60 532 178 551 sacerdotem
192 531 216 550 ad
230 531 349 551 matrimonii
362 531 513 552 benedictionem
528 533 640 558 processisse
656 534 727 559 absque

59 562 101 581 ulla
114 561 242 587 delegatione,
253 568 311 587 quum
327 562 375 581 scire
388 562 472 585 deberet,
486 562 631 582 matrimonium
650 563 730 582 claud&

59 593 140 615 stinum7
156 592 188 611 ubi
202 591 336 611 Tridentinum
347 592 490 617 promulgatum
500 593 536 615 est,
548 592 617 614 nedum
635 593 726 613 illicitum

58 629 108 646 esse,
119 623 151 642 sed
165 623 224 642 etiam
238 622 313 642 nullum
327 623 347 642 et
361 623 395 642 sub
408 623 465 648 gravi
479 620 582 648 'prohibei-i.
599 622 655 642 Hisce
672 625 727 643 stan-

59 654 118 676 tibus,
125 652 180 672 iuxta
189 652 296 671 criminalis
306 652 353 677 iuris
360 653 482 675 tractatores,
493 658 531 671 non
539 651 595 671 facile
604 652 683 672 admitti
693 659 727 679 po-

58 684 98 703 test
112 682 220 709 quempiam
229 688 289 708 grave
298 683 384 708 patrasse
394 682 474 705 crimen,
485 683 523 701 nisi
533 682 638 708 impulsum
647 690 659 702 a
669 684 725 709 gravi

59 710 80 733 et
93 712 195 732 sufficienti
209 718 277 735 eausn;
293 718 341 738 quae
354 712 430 738 quidem
449 718 492 732 eum
506 713 527 731 in
541 712 642 732 Sacerdote
660 712 727 736 adsue<

58 744 93 766 rit,
104 743 204 762 dicendum
219 744 268 762 esset
282 742 369 762 eumdem
384 742 518 762 imbecillitate
532 744 551 762 et
567 743 678 768 ignorantia
697 743 727 763 la-

57 774 133 793 borare.
156 772 192 792 Sed
213 773 272 792 etiam
291 773 326 792 hoe
344 772 453 792 excluditur
467 779 491 792 ex
504 773 616 792 testimonio
630 773 726 799 Principis

58 805 92 830 qui
106 803 226 823 Sacerdotem
241 803 326 823 declarat
340 803 475 823 aestimatione
481 800 571 829 dignum,
582 805 602 823 et
610 804 726 830 >principalia

59 834 107 854 iuris
121 834 245 854 ecelesiastici
262 833 387 853 fundamenta
405 839 490 853 nosoere.
513 833 561 853 Cum
583 834 648 859 itaque
666 840 727 859 neque

59 864 186 890 corruptioni,
197 870 258 889 neque
270 864 338 887 metui,
349 870 410 889 neque
420 864 541 889 ignorantiae
551 865 585 883 aut
595 864 728 884 imbecillitati

59 895 137 913 tantum
152 893 225 913 facinus
239 893 299 913 tribui
313 899 367 919 posse
381 894 462 916 oonstet‚
480 893 608 913 inverisimile
626 899 667 913 esse
681 899 727 913 con-

59 924 120 944 cludit
134 924 182 944 illud
196 925 327 950 perpetratum
342 923 400 944 fuisse
414 930 425 943 a
440 923 527 950 praefato
540 923 650 947 Sacerdote,
661 923 728 944 subin-

58 955 118 980 deque
132 955 179 974 adeo
193 954 247 974 labili
261 955 281 973 et
295 954 334 973 levi
348 954 473 973 fundamento
487 954 560 973 adstrui
574 954 641 980 nequit
658 954 727 973 matri-

59 985 119 1004 monii
133 985 221 1004 nullitas.
240 990 243 992 ·

98 1014 164 1041 Neque
178 1014 202 1034 ad
215 1014 262 1034 haee
276 1015 332 1034 obiici
345 1015 399 1034 valet
413 1011 478 1040 ipsius>
487 1013 594 1034 Sacerdotis
608 1015 672 1033 iurata
682 1020 735 1033 con-v

58 1045 122 1068 fessio,
141 1051 161 1064 se
179 1051 247 1071 nempe
263 1044 386 1064 matrimonio
400 1044 511 1064 interfuisse
525 1045 595 1070 absque
609 1044 691 1063 Parochi
705 1045 726 1063 et

58 1075 158 1095 Ordinarii
177 1075 263 1095 lieentia.
286 1075 349 1097 Quum
367 1076 431 1094 autem
448 1074 499 1094 adsit
513 1081 570 1101 causa
584 1074 690 1094 mentiendi
701 1074 725 1098 viu

58 1105 167 1129 Sacerdote,
185 1112 220 1132 pro
233 1105 295 1125 nihilo
308 1105 395 1125 habenda
409 1106 438 1124 est
453 1105 491 1124 ista
504 1104 597 1124 confessio
608 1116 620 1120 -
635 1104 726 1124 Sacerdos

58 1136 110 1155 enim
125 1136 180 1156 novit
193 1135 323 1162 querimonias
336 1135 423 1167 mulieris
444 1135 464 1155 in
485 1135 549 1154 virum
566 1136 589 1155 et.
605 1136 624 1154 in
634 1135 726 1161 seipsam.
