885 1246
350 56 458 68 :usinum-iu.
612 64 614 66 ,
705 52 713 68 1
718 51 738 67 η

72 84 114 102 iur.
130 82 164 101 lib.
181 81 194 101 I
205 88 247 108 cap.
264 82 305 101 107
320 88 379 101 num.
394 82 415 101 4.
432 82 487 101 Hanc
498 82 632 101 necessitatem
647 81 667 100 iu
688 80 740 100 facto

71 113 158 132 militare
171 118 204 138 pro
218 112 305 131 Ecclesia
324 120 339 131 s.
356 112 449 138 Stephani
464 113 532 138 probat.
546 112 586 138 ipse
600 111 706 138 Episcopus
715 111 740 131 ad

72 142 93 162 S.
108 143 131 163 C.
147 143 169 162 G.
185 143 277 163 scribens,

112 173 215 199 Perperam
231 179 286 199 porro
300 173 324 192 ad
338 173 455 193 sacerdotem
470 173 494 192 P.
510 174 534 193 ab
554 172 645 199 Episcopi
664 173 687 192 B.
710 173 739 193 iu·
757 179 759 181 ’

72 204 184 224 risdietione
207 204 329 224 eximendum
353 204 459 223 recurritur
485 204 508 223 ad
532 203 643 223 nullitatem
667 203 739 223 decreti

72 235 109 254 diei
124 235 136 255 9
150 234 219 254 Martii
235 234 293 254 1880.
308 234 358 254 Nam
372 235 446 253 certum
461 236 490 253 est
502 235 635 260 presbyterum
645 234 704 253 istum
714 235 738 253 ab

71 265 165 291 Episcopo
179 265 203 284 B.
219 261 278 284 fuisse
291 265 409 290 ordinatum,
425 271 447 284 ac
462 264 540 290 proinde
555 265 572 284 ei
593 264 691 285 subditum
710 264 739 283 ef-

72 295 150 315 fectum.
166 295 193 315 Et
207 295 295 315 subditus
308 294 387 314 effectus
401 296 431 314 est
453 301 490 314 nou
511 301 603 321 personae
612 309 617 318 ‚
640 295 681 314 sed·
692 294 739 321 Epi-

72 332 134 351 scopo,
150 327 170 345 et
179 325 274 351 Episcopo
283 325 360 351 quidem
370 326 465 350 quatenus
474 325 628 346 iurisdietionem
638 325 739 345 exercebat

72 357 93 375 in
107 356 193 375 Dioecesi
207 356 231 375 B.
247 356 267 375 in
288 362 326 381 qua
340 355 427 375 sacerdos
441 355 464 374 P.
481 357 543 375 ortum
558 356 626 375 habuit
635 370 640 378 ‚
663 355 740 375 ordina-

71 387 144 406 tionem
158 386 241 412 suscepit
255 387 274 405 et
288 392 299 405 e
312 392 350 412 qua
364 386 458 405 discessit.
606 395 609 397 -

112 416 268 442 Quandoquidem
283 416 304 435 iu
319 416 360 435 iure
375 416 496 442 exploratum
510 418 540 436 aet
549 431 555 440 ‚
570 416 675 442 quemlibet
695 417 739 436 sub-

71 448 142 470 ditum,
157 447 227 472 absque
241 446 321 466 licentia
335 447 354 466 et
368 452 461 466 consensu
480 447 584 472 superioris
605 447 641 470 sui,
656 448 680 466 ab
694 448 736 467 eius

71 477 187 497 auctoritate
202 477 280 496 subduci
294 476 346 496 haud
364 483 425 502 posse.
447 476 522 496 Natura
543 477 637 503 siquidem
657 477 738 497 dominii

71 508 172 533 importat,
187 509 209 527 ut
223 507 256 533 qui
270 507 299 526 rei
313 507 400 526 dominus
415 508 452 530 est,
467 507 491 526 de
504 513 526 526 eo
540 513 574 533 pro
588 507 652 527 lubitu
665 514 699 527 suo
710 507 739 527 di-

73 544 160 564 sponere,
175 539 195 557 et
209 544 251 557 eam
266 544 278 556 a
291 543 408 563 quocumque
422 537 458 557 sibi
473 537 571 557 vindicare
585 537 658 557 valeat.
678 537 739 557 Porro

71 568 159 588 sacerdos
173 567 197 587 P.
213 567 303 593 Episcopi
322 567 346 587 B.
362 567 450 587 subditus
464 569 494 587 est
508 567 566 587 titulo
581 568 622 587 sive
642 568 737 593 originis,

71 599 112 618 sive
126 598 227 618 domicilii.
243 598 270 617 At
284 600 357 617 certum
372 599 408 621 est,
424 598 540 624 Episcopum
555 598 672 624 regulariter
685 605 739 625 posse

72 630 216 655 suspensionem
231 628 302 648 inferre
316 629 392 655 proprio
405 629 489 652 subdito,
504 629 538 655 qui
558 629 583 648 sit
602 629 662 648 etiam
683 631 738 649 extra

71 660 169 686 propriam
183 659 296 682 Dioecesim,
313 659 329 678 si
349 659 400 679 absit
418 659 484 679 iudicii
505 659 605 685 strepitus.
628 659 677 678 Nam
698 660 714 679 si
728 666 740 679 a

71 690 148 716 proprio
161 690 255 716 Episcopo
269 690 367 715 suspensio
381 689 455 709 feratur
474 696 513 715 per
525 692 657 716 praeceptum
670 691 739 716 parts*-

70 721 148 742 culare,
162 721 209 740 tunc
222 720 258 740 hac
272 726 352 739 censura
366 719 460 745 ligabitur
474 720 561 740 subditus
574 720 634 740 etiam
644 721 664 740 in
674 721 738 740 aliena

70 752 156 771 Dioeoesi
164 757 291 773 commorans,
297 751 342 776 quis
350 753 472 777 praeceptum
482 751 593 779 immediate
605 751 665 771 afficit
675 754 738 777 'perso-

70 788 115 802 nam
125 781 238 807 ubicumque
248 781 280 801 sit.
287 781 319 800 Ita
327 782 392 800 censet
401 781 480 801 Scavini
490 778 695 807 lib.1.tract.1Vdisp.
705 781 741 801 III

70 812 94 832 de
107 814 200 832 censuris
213 818 257 837 cap.
273 811 301 833 I„
315 811 347 837 qui
362 812 383 831 in
397 812 437 831 suis
447 811 603 831 adnotationibus
617 812 671 835 dicit,
689 812 738 837 quod

71 844 158 863 remanet
172 848 273 869 suspensus
288 842 381 865 sacer-dm,
398 842 457 870 etiam
467 842 488 862 in
498 842 562 862 aliena
576 842 669 866 Dioecesi,
681 843 698 862 si
707 843 739 863 de-

71 873 139 893 lictum
154 873 254 892 censeatur
268 872 391 891 commissum
405 872 425 891 in
440 872 518 898 propria
531 872 625 896 Dioeoesi,
637 873 666 892 uti
676 874 706 892 est
714 873 739 892 de

71 909 151 923 censura
165 902 206 922 lata
220 902 240 922 in
254 908 286 922 eos
300 902 333 928 qui
348 908 386 922 non
398 902 495 925 resident;
511 902 543 922 vel
553 903 570 922 si
578 902 685 929 Episcopus
694 909 739 923 cen-

71 934 123 953 suret
137 932 242 956 Olet-icum,
257 933 290 958 qui
304 932 340 952 tali
354 932 452 952 Ecclesiae
466 933 556 953 assistere
565 934 641 957 debeat,
652 935 673 953 et
683 935 740 953 extra

70 963 176 983 Dioeeesim
190 963 224 986 sit,
239 964 259 982 et
273 965 342 983 renuat
356 963 458 987 assistere3
467 965 487 983 et
501 964 551 983 notio
567 966 608 987 est,
630 964 675 990 quia
696 971 739 990 pec-

70 995 135 1014 catum
150 1000 187 1013 non
202 993 317 1013 residentiae
332 994 384 1013 intra
399 994 496 1020 proprium
513 994 634 1014 territorium
650 996 739 1014 censetur

70 1023 207 1044 consummari.
223 1023 249 1043 V,
265 1023 344 1049 Liguori
359 1023 423 1043 Homo
437 1024 515 1049 Apost..
531 1026 588 1043 tract.
605 1023 661 1043 XIX
672 1031 694 1043 n.
709 1024 738 1046 5,

69 1057 87 1074 et
105 1054 141 1080 Op.
157 1054 209 1074 Illor.
225 1054 239 1073 l.
257 1054 299 1074 VII
309 1061 332 1073 n.
342 1053 378 1075 22.
389 1054 453 1080 Igitur
462 1055 561 1081 suspensio
568 1058 738 1081 per-praeceptum

42 1088 45 1091 “
66 1084 194 1111 particulare
208 1084 249 1104 lata
263 1084 284 1104 in
299 1084 417 1104 sacerdotem
427 1084 451 1104 P.
462 1084 495 1110 qui
505 1084 603 1104 Ecclesiae
617 1092 633 1104 s.
645 1085 739 1111 Stephani

70 1115 161 1134 assistere
175 1115 262 1138 debebat,
279 1116 298 1134 et
312 1115 412 1137 renuebat,
428 1114 494 1134 valida
508 1116 545 1138 esty
561 1115 638 1134 etiamsi
653 1115 673 1135 in
682 1115 739 1135 Dios-

71 1145 110 1165 cesi
124 1145 147 1164 Τ,
163 1146 277 1165 moraretur.
