885 1246
344 50 367 62 1²11
378 50 442 62 nni-imi
705 48 725 64 17

61 81 177 94 successores
191 75 214 94 ad
229 75 281 100 pium
296 75 384 94 relictum
403 75 540 100 legatariorum
557 75 633 95 nomine
651 76 725 96 donari.

61 105 92 124 Ex
105 111 142 130 quo
156 105 305 124 concludendum
315 105 399 128 videtur,
411 106 464 131 pium
473 105 562 125 relictum
572 105 667 125 Simeonis
676 106 727 126 inter
743 127 745 129 ,

61 135 126 160 legata
140 135 172 160 pia
186 135 321 154 recensendum
335 142 382 154 esse.

101 165 162 184 Peior·
172 166 237 184 autem
250 165 341 184 evaderet
354 165 438 184 conditio
452 165 545 185 Canonici
559 166 583 185 Β.
595 166 615 185 in
624 166 727 191 hypothesi

62 196 110 221 quod
125 196 160 215 hoc
174 196 226 221 pium
241 195 329 215 relictum
344 202 411 215 verum
427 196 543 215 Beneficium
552 196 652 215 dicendum
667 198 724 216 esset

62 226 111 246 Cum
125 226 177 245 enim
191 226 231 251 ipse
245 225 284 245 iam
299 226 395 251 possideat
408 226 543 245 canonicatum
558 226 578 245 in
592 226 681 246 Ecclesia
690 226 728 246 Ca-

62 256 154 279 thedrali,
165 256 258 281 simulque
272 256 325 275 aliud
340 256 421 282 simplex
430 256 548 275 Beneficium
558 257 578 275 in
588 256 681 279 Dioecesi,
693 263 727 276 nec

63 292 101 305 non
115 287 206 312 perpetuo
220 286 305 311 gaudeat
319 286 382 311 legato
396 286 467 309 Scozzi3
479 286 559 305 tertium
569 286 687 305 Beneficium
697 287 728 305 in-

63 316 186 342 compatibile
195 317 252 339 esset,
259 316 282 335 ad
293 316 366 335 tradita
373 323 405 342 per
416 316 475 335 Com.
488 316 632 336 Tridentinum
643 316 727 337 &3324

62 354 79 366 c.
92 346 118 365 17
134 346 158 365 de
174 347 258 371 reform.

103 376 133 395 Ad
143 376 247 395 secundum
257 376 334 396 dubium
342 376 391 401 quod
401 376 480 399 attinet,
491 376 596 395 notandum
607 377 668 400 venit,
679 377 729 402 quod

62 407 80 425 si
94 407 152 426 verba
166 408 237 425 iunior
255 406 344 425 sacerdos
362 406 451 432 Capituli
465 412 521 425 sensu
535 406 618 425 litterali
636 413 658 426 ac
672 408 730 427 natu-

63 436 101 456 rali
115 436 245 462 accipiantur,
261 436 406 462 interpretanda
420 437 511 456 videntur
525 437 548 456 de
561 437 653 456 canonico
667 444 730 457 sacer-

63 467 118 489 dote,
134 468 181 486 natu
195 466 283 489 minimo,
299 473 337 486 non
351 473 396 486 vero
410 467 433 486 de
447 467 544 486 sacerdote
559 467 628 486 ultimo
645 467 685 487 loco
699 468 729 487 in-

63 498 93 516 ter
107 496 213 516 eanonicus
227 498 322 522 cooptato.
336 496 385 516 Sane
394 498 477 516 testator
486 503 523 516 non
534 497 584 516 dixit
594 497 682 517 ultimus
696 504 729 516 ca-

64 529 152 546 nonicus
167 526 266 552 Capituli:
276 533 324 552 quae
333 527 410 552 quidem
423 528 483 547 verba
499 527 617 547 Ganonicum
633 529 729 553 postremo

63 550 105 577 loco
119 557 239 577 nominatum
254 557 399 582 significarent;
415 557 447 576 sed
462 557 565 576 honoravit
580 559 683 577 iuniorem
697 564 730 577 sa-

65 588 160 606 cerdonem
176 586 275 613 capituli,
285 593 340 606 nemo
350 589 415 606 autem
428 593 467 606 non
481 587 534 607 videt
548 587 598 606 hanc
614 588 729 607 locutionem

67 624 78 636 a
91 618 149 643 priori
163 617 220 642 longe
234 616 318 640 differre,
327 623 351 639 nc
365 618 477 637 testatorem
498 618 521 637 ad
543 618 626 637 aetatem
641 618 730 637 honorati

65 647 177 673 respexisse.
188 647 237 666 Cum
251 649 315 666 autem
330 647 350 666 in
364 647 414 667 facto
428 649 503 667 constet
512 648 625 667 canonicum
637 648 662 667 V:
678 649 730 667 inter

64 677 108 696 illos
122 677 243 703 Capitulares
257 678 305 696 natu
314 677 416 696 minimum
425 679 445 697 et
455 678 581 697 novissimum
595 684 642 701 esse,
654 678 730 697 oonelu-

64 707 146 726 dendum
160 707 243 730 videtur,
255 707 307 733 pium
317 707 406 726 relictum
420 708 457 733 ipsi
471 707 606 727 conferendum
620 714 668 727 esse.

104 737 169 763 Neque
183 737 215 763 qui
229 737 296 764 semel,
302 737 350 757 illud
364 738 455 760 obtinuit,
467 738 532 757 eodem
542 739 633 764 perpetuo
647 738 730 763 gaudere

64 768 132 787 debere
146 768 229 791 videtur,
244 769 301 793 prout
315 769 427 794 proponitur
436 768 456 787 in
471 768 529 787 tertio
538 768 602 791 dubio,
613 768 645 788 sed
660 768 731 787 solum-

63 797 120 817 modo
134 798 195 823 quoad
209 804 267 823 usque
281 798 344 817 iunior
358 800 474 824 perseveret,
490 799 541 817 inter
559 798 676 824 capitulares
690 798 730 817 sive

64 827 126 853 quoad
140 829 231 851 aetatem,
247 828 288 847 sive
302 828 362 853 quoad
377 829 453 854 tempus
466 828 605 847 nominationis
614 828 637 847 ad
648 828 731 848 Canoni-

65 859 137 881 catum;
149 858 183 877 vix
196 864 218 877 ac
233 858 284 877 enim
298 864 359 877 novus
368 858 470 877 canonicus
480 858 591 877 nominatur
600 858 644 877 aliis
659 858 729 881 iunior,

66 894 100 914 pro
113 888 178 907 eodem
192 888 276 907 conditio
291 888 388 914 impletur,
400 895 412 907 a
425 889 518 907 testatore
531 888 605 911 volita,
619 888 643 907 ad
657 895 732 908 assecu-

65 918 138 938 tionem
152 918 179 944 pii
194 918 264 941 relicti,
280 918 374 944 simulque
388 918 453 938 deficit
467 925 501 944 pro
515 918 549 938 illo
563 919 595 944 qui
610 921 668 938 antea
681 918 731 938 obti-

65 949 131 971 nebat,
146 948 192 974 quia
206 949 269 968 iunior
283 949 334 968 inter
348 949 448 968 canonicos
461 949 544 975 amplius
557 955 596 968 non
610 950 647 968 est-

106 978 136 998 Ad
150 979 240 1004 quartum
254 979 331 998 dubium
345 979 394 1004 quod
408 980 482 1005 spectat
492 993 497 1002 ‚
515 979 576 998 locum
592 985 633 998 esse
653 979 730 998 videtur

66 1009 177 1034 repetitioni
196 1008 291 1028 redituum
309 1009 336 1034 pii
350 1009 425 1032 relicti,
446 1009 511 1028 favore
524 1009 617 1028 Canonici
631 1008 657 1027 V.
675 1015 686 1028 a
700 1009 731 1028 die

66 1045 103 1064 quo
112 1038 143 1058 hie
154 1038 317 1064 inpossessionem
327 1039 451 1058 canonicatus
460 1039 557 1058 immissus
574 1038 618 1058 fuit.
628 1038 678 1058 Sane
687 1044 730 1057 cum

66 1068 179 1088 canonicum
193 1068 217 1087 B.
228 1074 266 1087 non
276 1068 353 1091 lateret,
364 1069 481 1088 sacerdotem
492 1068 517 1088 V.
529 1069 622 1088 iuniorem
633 1069 684 1088 inter
693 1068 731 1087 Ca-

66 1098 161 1124 pitulares
174 1105 222 1121 esse,
233 1099 299 1123 aperte
313 1098 374 1124 liquet
388 1098 450 1124 ipsum
464 1099 488 1118 ab
497 1105 520 1117 ea
529 1098 559 1117 die
570 1104 628 1124 usque
642 1098 662 1117 in
676 1104 732 1123 prae-

67 1134 111 1148 sens
125 1128 146 1147 in
160 1128 211 1148 mala
225 1128 261 1147 fide
275 1128 401 1148 constitutum
416 1127 482 1152 fuisse,
493 1128 571 1154 ideoque
585 1128 658 1148 fructus
668 1128 695 1154 pii
705 1128 732 1147 le-

102 1165 142 1180 um,
148 1164 183 1177 :rm
191 1164 229 1177 117.
233 1164 271 1180 suo.
277 1164 335 1177 οινιι.
571 1154 574 1157 ’
676 1165 685 1177 2
