885 1246
306 73 412 85 nunno-noxus
424 73 506 85 musioms
718 68 740 84 ³5

72 98 157 117 adversis
172 98 373 123 argumentationibus
387 97 424 123 (ita
438 97 487 123 ipse)
497 97 577 123 planum
591 97 614 116 fit
628 97 739 123 pensionem

73 129 92 148 in
106 128 212 148 dotationis
225 128 381 155 supplementum
394 133 503 147 concessam
517 127 576 147 fuisse
590 127 669 146 Mensae
683 127 708 147 B.
720 127 741 146 in

73 161 193 185 perpetuum.
209 158 289 181 Quoties
302 165 348 178 vero
362 159 428 184 pensio
442 160 535 184 perpetua
544 159 581 181 est,
592 158 679 177 concidit
693 164 741 177 cum

72 196 136 213 censu,
152 190 172 209 et
186 195 228 208 non
237 189 318 214 videtur
332 189 413 215 differre
428 195 440 208 a
457 195 518 208 censu
534 194 584 208 novo
598 194 633 208 ceu
654 194 692 208 uno
708 194 741 207 ore

72 219 153 239 tradunt
166 219 277 239 canonistae
291 226 314 239 ac
327 219 428 245 praecipue
445 218 505 238 card.
516 218 546 238 De
561 218 618 238 Luca
628 221 646 237 et
660 218 740 238 Pikler.

72 249 112 269 Nec
126 256 193 269 verum
203 251 233 269 est
246 256 297 269 anno
309 249 359 269 1803
375 249 520 275 locupletiorem
534 248 606 269 factam
616 248 675 269 fuisse
684 248 741 268 Men-

72 287 104 299 sae
118 280 142 299 Β.
153 280 290 303 conditionem,
306 286 352 299 nam
366 280 407 300 loco
421 286 455 299 sex
464 280 577 306 oppidorum
586 286 667 306 quorum
681 286 741 306 popu—

72 310 102 329 lus
116 310 224 329 animarum
241 309 315 333 11,168
329 311 437 333 constabat,
448 316 482 330 sex
495 310 565 336 oppida
579 310 652 336 recepit
665 310 741 329 anima-

54 357 56 359 ,
72 346 115 359 rum
129 346 209 359 numero
222 340 282 360 4860.
298 340 347 360 Cum
362 347 407 360 vero
416 347 441 360 ex
450 340 485 360 hac
495 340 603 360 mutatione
617 340 696 360 Mensae
708 340 742 359 do-

72 371 124 390 tatio
137 370 276 390 detrimentum
290 371 413 398 persentiret,
429 377 512 396 aequum
525 370 570 394 fuit,
586 371 677 397 pensione
698 377 742 396 per-

63 403 130 429 'petua
144 401 185 420 eius
199 400 268 425 damno
282 401 390 427 providere.
405 401 458 427 Ergo
472 401 545 427 pensi0‚
557 402 599 421 tum
608 407 666 421 causa
675 401 741 427 inspe-

70 433 102 451 cta
117 431 140 451 ob
154 437 211 456 quam
224 437 314 451 conoessa
323 433 359 455 est,
371 432 413 451 tum
427 431 468 450 eius
483 431 620 457 perpetuitate,
636 437 693 450 verae
707 431 740 450 do-

70 461 153 481 tationis
162 461 246 480 indolem
256 462 345 488 sumpsit,
357 461 411 481 nnllo
421 462 476 481 modo
485 468 529 481 cum
538 462 636 488 pensione,
647 468 685 487 qua
694 461 738 485 tali,

71 491 233 512 confundendam.

112 522 165 541 Haeo
179 528 217 541 non
231 522 255 541 ad
269 522 307 541 mei
317 522 378 548 ipsius
387 523 514 546 commodum,
530 522 563 542 sed
572 523 595 542 ut
603 522 683 542 Mensae
692 522 741 541 mihi

70 553 158 572 traditae
168 552 211 571 iura
220 553 273 572 sarta
287 553 376 578 tectaque
390 553 437 572 sint.
448 553 557 572 Transeunt
566 552 664 579 Episcopi,
675 558 742 572 mensa

70 585 138 603 autem
153 584 226 602 manet:
237 589 285 608 quae
299 583 336 602 nisi
351 583 462 609 pensionem
475 583 569 609 exigeret,
579 589 614 603 nec
628 589 742 609 congruam

69 615 182 640 attinyeret
195 612 233 639 (l).
248 612 328 632 Etenim
338 613 383 633 dum
393 613 552 639 Arehiepiseopus
559 613 583 632 Ο.
597 613 671 637 18,ΟΟΟ
685 613 741 633 libel-

70 644 101 664 las
111 650 136 663 ex
141 643 224 670 *traditis
233 643 270 663 sibi
280 643 351 669 publici
361 644 435 663 reditus
446 644 511 663 titulis
521 644 591 669 exigit,
600 643 706 670 Episcopus
715 643 740 663 B.

70 672 150 694 libellas
164 674 240 693 tanturn
254 673 294 693 743
307 680 332 693 ex
345 674 413 693 iisdem
427 674 492 694 titulis
508 674 573 694 habet.
585 674 654 694 Cetera
668 674 742 693 incerta

69 704 152 724 omnino
165 705 218 727 sunt,
229 704 249 723 et
262 710 274 723 a
288 704 381 724 Gubernii
395 704 538 724 Moderatorum
548 704 649 724 voluntate
663 704 742 724 omnino

70 734 209 762 dependentia.

96 767 98 769 ’
112 765 236 785 Monstruosa
250 766 279 784 est
293 765 390 791 proportio
404 771 428 785 ex
442 765 522 785 adverso
536 765 628 785 instituta
648 771 683 791 pro
696 771 743 791 pen-

70 796 133 816 sionis
150 795 277 815 diminutione
291 795 415 815 adstruenda.
431 795 490 815 Ponit
504 796 556 815 enim
569 796 671 821 antiquum
692 795 744 815 redi-

70 829 114 847 tum
129 826 150 845 in
164 825 236 845 libellis
251 825 345 849 100‚000,
361 826 415 845 nulla
429 832 508 845 onerum
523 826 580 852 (quae
594 826 663 852 gravia
677 826 742 852 erant)

69 857 141 877 habita
148 856 230 876 ratione:
238 862 310 875 novum
318 856 409 879 reditum,
418 856 507 876 oneribus
514 857 605 882 cuiusque
615 857 691 882 generis
699 857 743 876 sub-

70 888 144 910 ductis,
156 887 236 906 indicat.
247 886 278 906 Ex
291 886 362 907 libellis
376 886 452 910 418‚20
466 887 561 907 tributum
571 887 654 913 triginta
669 887 744 907 libella-

70 924 116 938 rum
131 923 166 944 pro
179 923 291 943 unoquoque
304 917 427 940 centenario,
443 917 483 937 iam
503 918 612 938 detractum
631 924 674 937 euni
688 924 743 938 suum

69 949 158 968 reditum
172 948 196 967 ad
209 948 313 967 minimum
327 947 420 971 cohibuit,
438 948 509 967 iterum
523 948 626 971 subducit,
644 954 688 968 cum
702 954 744 968 ma-

69 978 146 999 nifesta
159 978 260 998 invocatae
274 977 402 1004 proportionis
417 977 500 997 laesione
514 980 534 997 et
548 978 699 1004 computationis
713 985 744 997 en-

70 1015 124 1029 rore.
140 1008 182 1031 Quo
196 1014 253 1034 super
266 1008 330 1034 capite
344 1008 392 1027 satis
402 1008 441 1028 iam
455 1008 549 1034 largitum
559 1010 596 1032 est,
607 1015 651 1028 cum
665 1008 706 1028 loco
720 1008 745 1028 li-

68 1040 168 1060 bellarum
182 1037 243 1062 4800,
254 1039 332 1059 tantum
346 1038 399 1058 3000
412 1038 492 1058 Mensae
506 1039 529 1058 B.
543 1039 566 1058 de
587 1040 636 1059 bono
650 1040 670 1059 et
684 1045 744 1065 aequo

69 1070 189 1095 adsignatae
203 1070 256 1088 sunt.

114 1099 152 1119 His
166 1099 247 1125 aliisque
261 1099 380 1126 amplissime
393 1099 497 1126 disputatis
511 1100 629 1127 propositum
643 1101 673 1120 est

110 1168 133 1189 (1)
142 1169 193 1184 centor
201 1168 290 1184 adamim-
299 1172 334 1187 σιω
344 1170 409 1187 prm-nt
418 1169 434 1184 in
443 1169 475 1184 wi.
483 1169 516 1187 vu.
527 1173 559 1187 1¹¹¹-
570 1170 602 1185 8²7.
