885 1246
348 62 447 74 nummum
699 58 730 73 15³

60 91 101 105 rem
119 86 201 109 detrusi,
221 92 278 111 quam
297 86 378 105 fortasse
397 87 475 115 expedit
494 87 606 112 quandoque
624 86 696 106 habere
711 87 732 105 in

59 116 143 141 gratiam
151 116 237 135 virorum
245 116 361 142 principum,
372 117 407 136 aut
414 123 449 142 pro
459 123 562 142 regnorum
576 123 622 142 paee
636 116 730 136 curandai

99 146 288 166 Ammnvsnsiouns
307 146 430 166 DEFENSORls
449 153 466 166 s.
482 153 570 167 vincum.
587 146 694 166 Praemisit
710 152 730 165 se

60 176 111 196 haud
125 177 227 196 convenire
241 183 295 202 posse
309 183 352 196 cum
366 177 463 203 Theologo
472 178 492 197 et
502 178 610 203 Oanonista
619 177 680 203 quoad
690 183 731 196 ma-

60 207 147 226 trimonii
163 207 220 226 istius
238 207 452 230 inconsummationem,
468 214 510 227 cum
527 207 550 227 de
568 207 604 227 hoc
621 213 659 226 non
674 207 730 233 probe

59 238 141 256 constet.
152 236 178 256 Et
188 243 208 256 re
218 237 295 262 quidem
308 243 355 256 vera
369 237 488 257 consultores
497 237 601 257 desumunt
615 238 731 263 argumenta

60 273 94 293 pro
103 267 289 293 inconsummatione
299 273 324 286 ex
337 267 440 292 coniugum
453 268 566 291 assertione,
581 267 690 287 iuramento
697 267 731 286 fir-

60 298 120 320 mata,
136 303 160 316 ex
170 297 282 316 testimonio
295 297 388 323 septimae
402 304 478 321 manu5‚
493 299 514 317 et
523 304 547 317 ex
561 304 583 317 eo
595 297 673 317 tandem
682 297 732 323 quod

59 328 125 353 sponsi
139 332 243 352 numquam
264 333 303 346 una
316 327 374 347 simul
395 328 536 351 habitaverint,
552 330 572 348 et
586 328 665 353 proinde
681 327 732 347 coire

60 357 191 383 nequiverint.
214 356 259 376 Sola
272 357 376 383 coniugum
390 358 479 381 assertio,
496 358 555 377 etiam
576 358 685 377 iuramento
699 357 732 376 fir-

61 388 114 407 mata
128 393 166 406 non
180 388 210 406 est
223 387 327 410 sufficiens,
342 388 388 413 quia
402 388 507 407 collusione
520 394 558 407 uon
573 390 635 407 caret.
651 388 733 413 Dispen-

61 417 110 436 satio
124 417 176 436 enim
191 418 247 442 urget
265 423 300 443 pro
313 417 401 440 muliere,
412 419 435 437 ut
449 418 529 438 liberius
543 425 586 438 cum
605 418 677 437 amasio
691 424 733 437 ma-

61 454 105 467 nere
113 448 187 473 possib*
196 449 253 472 urget
260 453 294 473 pro
303 448 346 467 viro
360 448 384 467 ad
394 448 478 467 crimina
492 449 512 468 et
526 448 608 468 offensas
617 448 654 467 sibi
666 447 732 467 illatas

61 485 73 497 a
86 477 167 497 muliere
181 477 312 497 vindicandas.
334 478 361 497 Et
377 485 398 497 re
411 478 489 504 quidem
505 485 551 498 vera
570 479 638 498 docent
656 484 730 501 omnes,

61 507 161 526 deficiente
174 507 258 533 corporis
277 507 401 533 inspectionis
416 508 540 532 adminiculo,
555 514 593 528 non
608 514 648 528 esse
664 508 732 527 statim

61 537 176 557 credendum
192 537 294 562 coniugum
308 538 419 561 assertioni,
435 538 474 557 nisi
490 538 568 558 aliunde
588 540 674 562 constet,
689 539 733 564 post

63 568 209 587 matrimonium
223 568 287 587 ratum
302 574 406 593 numquam
420 569 539 588 convenisse.
555 568 610 590 Quod
620 570 684 588 autem
694 568 733 587 Pe-

62 599 105 617 trus
119 600 138 617 et
152 598 206 617 Rosa
219 604 324 623 numquam
338 598 411 618 fuerint
425 599 490 626 simul,
502 599 543 618 sive
554 599 612 622 domi,
628 599 669 618 sive
679 605 731 621 mre,

62 629 103 648 sive
117 634 234 654 quocumque
253 628 292 648 alio
305 628 353 651 loco,
369 630 389 648 et
402 635 440 648 non
455 629 516 649 solum
531 636 564 655 per
578 629 636 652 diem,
652 629 685 648 sed
699 635 733 648 ne-

62 665 98 684 que
112 665 146 684 per
159 659 233 682 horam,
250 658 306 678 facile
319 659 397 678 admitti
412 660 486 684 nequit,
502 666 545 679 cum
559 665 598 678 non
612 659 663 678 adsit
675 665 732 678 causa

62 690 129 708 tantae
143 690 163 708 et
176 690 217 708 tam
231 689 334 708 diuturnae
348 689 482 715 separationis.

102 719 164 739 Huius
176 719 223 739 facti
233 719 303 739 mulier
312 725 390 739 causam
404 720 492 745 assignat
506 720 585 739 dicens:
601 720 636 739 hoo
646 720 732 739 evenisse

61 750 107 775 quia
120 750 222 769 conventio
237 750 288 769 inter
301 756 333 769 eos
347 750 422 773 aderat,
438 756 528 776 sponsum
542 756 584 770 eam
599 750 620 769 in
634 750 732 776 propriam

62 780 138 808 domum
153 786 191 799 non
204 786 245 799 esse
259 780 393 802 adducturum,
409 780 448 799 nisi
457 780 511 806 prius
525 787 537 799 s
550 780 647 800 laboribus
661 780 733 800 rurali-

62 810 97 829 bus
111 810 244 835 requiesceret.
255 809 346 829 Admissa
355 810 415 829 etiam
429 810 466 829 hac
479 817 544 833 causa,
560 810 624 830 forsan
634 817 659 829 ex
667 816 691 829 ea
700 816 734 833 ne,-

62 840 145 859 cessario
158 840 202 859 fluit
215 846 236 859 se
250 840 329 859 interim
343 840 452 865 nequivisse
467 841 534 860 mutuo
548 839 656 860 carnaliter
663 846 734 866 cogno-

62 869 129 889 scere?
144 870 239 895 Coniuges
252 871 308 889 erant
322 869 414 895 legitimi,
429 871 463 896 qui
477 870 523 890 licet
536 871 594 890 simul
608 877 646 890 non
656 870 734 890 cohabi-

62 900 156 922 taverint,
172 900 195 919 ea
204 899 294 919 libertate
308 906 356 925 quae
365 896 478 925 coniugibus
488 900 541 923 licet,
557 901 599 920 iure
609 900 681 926 optimo
694 899 732 919 frui

64 931 161 955 poterant⁴

103 960 143 979 lam
157 960 359 989 vero-translatitium
373 962 403 979 est
416 967 441 980 ex
455 961 495 980 sola
510 961 640 986 possibilitate
649 960 733 979 carnalis

61 990 240 1012 consummationis,
251 990 339 1016 copulam
354 990 485 1010 intercessisse
495 991 611 1014 existimari,
622 997 645 1009 aa
654 990 734 1016 proinde

61 1020 194 1046 denegandam
208 1020 379 1045 dispensationem.
400 1021 423 1039 In
444 1027 489 1040 casu
508 1021 599 1046 quamvis
613 1020 644 1040 vir
664 1020 735 1040 mulier

61 1052 82 1070 et
96 1051 156 1070 testes
176 1052 264 1072 asserant
285 1050 375 1075 coniuges
390 1050 474 1076 plurium
489 1051 583 1070 mensium
601 1051 664 1077 spatio
678 1057 734 1070 num-

61 1087 119 1106 quam
133 1086 172 1099 una
186 1080 244 1099 simul
258 1080 324 1099 eodem
338 1080 394 1099 domo
407 1087 449 1100 esse
467 1082 601 1104 commoratos,
619 1083 686 1100 tamen
701 1087 734 1100 eo-

63 1117 106 1130 rum
118 1111 234 1130 assertiones
247 1117 286 1130 non
302 1111 350 1130 satis
364 1110 499 1131 concludentes
509 1112 603 1137 apparent
612 1126 617 1135 ,
633 1111 678 1136 quia
695 1117 734 1130 nou

63 1142 110 1160 sunt
123 1141 236 1161 conformes.
