885 1246
320 71 322 73 .
352 62 439 74 uzcnnrun
532 74 534 76 ,
705 58 727 74 95

56 85 157 109 finiebatur,
174 89 244 106 noctem
254 85 291 105 fere
300 88 356 105 totam
364 84 416 104 flexis
425 85 502 110 genibus
508 85 526 104 in
536 85 641 105 caelestium
649 88 729 105 contem-

56 115 134 141 platione
142 115 257 139 extrahebat,
268 115 319 135 humi
335 118 404 135 stratus
416 115 522 135 brevissimo
539 115 647 141 indulgebat
656 121 726 139 somno,

56 145 123 171 quippe
132 146 165 171 qui
175 145 257 165 mirabile
266 151 337 172 semper
346 145 430 165 exhibuit
446 145 577 165 excruciandae
594 146 654 165 carnis
668 146 731 171 speci-¹

57 182 105 195 men:
115 175 202 195 ieiunium
210 175 258 195 enim
265 175 287 195 ad
293 175 370 195 inediam
376 175 462 198 servavit,
470 175 533 201 viginti
539 175 628 201 siquidem
633 175 686 194 aunis
692 181 727 195 uno

55 209 169 226 sustentatus
183 205 264 232 quotidie
278 204 378 232 pane'oleo
392 208 479 231 acetoque
493 205 553 225 carnis
569 211 677 232 consperso,
694 205 727 225 ssa-
743 218 745 221 v

56 236 107 262 gellis
121 243 154 256 nec
168 236 222 256 semel
243 234 262 256 in
283 236 312 256 die
326 242 365 256 sese
386 239 471 256 cruenter
491 235 598 256 dilaniabat.
615 235 728 255 Huinilitatis

55 266 116 287 studio
126 266 202 293 triginta
212 266 292 293 quinque
303 266 355 286 annis
365 265 480 286 mendicandi
490 266 562 285 vicatim
572 272 618 285 onus
630 265 725 289 sustinuit,

55 300 75 317 ut
90 296 223 323 compendiaria
239 296 370 323 quodammodo
388 296 470 316 caritatis
489 296 578 316 industria
600 295 683 315 omnibus
697 302 728 315 ae-

56 327 113 354 grotis
120 342 125 351 ‚
142 330 160 347 et
174 326 285 353 pauperibus
299 326 403 352 quibusque
416 326 501 352 prodesse
518 326 594 346 valeret.
613 327 670 346 Tanto
684 332 726 345 vero

55 356 165 376 christianae
180 356 295 383 perfectionis
309 356 401 382 exemplo,
417 356 538 382 supernisque
552 356 618 380 donis,
634 356 701 382 quibus
716 363 727 375 a

54 387 92 406 Deo
105 386 239 410 illustrabatur,
250 386 340 413 publicam
355 386 433 413 adeptus
447 386 550 406 sanctitatis
566 385 632 406 famam
645 386 728 411 ingentes

54 416 143 443 pecuniae
152 423 231 436 summas
240 416 361 443 quaeritando
370 416 478 442 corrogavit,
489 416 557 442 quibus
566 423 599 442 pro
611 416 728 442 Superiorurn

55 446 122 473 placito
136 446 266 473 amplissimum
281 446 433 466 valetudinarium
448 446 570 479 templumque
589 446 725 469 aedificaverit,
747 454 750 456 >

55 483 76 496 ac
91 477 116 496 ita
131 477 211 503 potuerit
226 480 245 496 et
263 483 357 502 aegrorum
373 476 462 496 curationi
481 476 601 503 opportunius
619 476 724 502 providere,

55 506 162 533 collatisque
184 506 271 526 subsidiis
284 503 407 532 quamplures
416 513 426 526 a
440 509 514 533 peceato
528 506 556 526 vel
571 513 581 525 a
595 506 681 532 peccandi
696 512 729 532 pe-

55 536 113 556 riculo
127 540 216 556 avertere

96 566 173 586 Assiduu
195 566 269 586 tandem
284 566 406 593 poenitentiae
420 566 479 592 rigore
498 570 516 586 et
530 566 624 586 laboriosis
645 552 728 588 caritatis

54 596 141 623 operibus
151 597 224 625 penitus
234 597 315 620 attritus,
327 603 375 623 aqua
386 597 476 616 intercute
490 603 587 623 oppressus
602 596 696 620 decubuit,
708 603 728 616 ac

22 625 24 628 '
54 626 132 646 ferventi
143 627 251 646 humilitatis
261 630 279 647 et
288 627 362 653 pietatis
369 626 437 653 spiritu
443 628 558 647 Sacramenta
566 627 631 647 iterato
638 626 726 653 suscepit,

54 656 124 683 diuque
141 663 181 676 cum
198 660 254 676 morte
272 656 352 676 luctatus
369 656 457 676 mirabilis
475 656 584 686 patientiae·
591 657 610 676 in
629 656 728 682 angoribus

55 686 113 706 morbi
127 686 234 706 documenta
248 686 313 711 edidit,
329 693 350 706 ac
364 686 407 706 dum
422 687 469 706 inter
483 687 559 706 mortuis
574 686 628 706 labiis
645 686 728 706 Grucifixi

54 716 152 742 imaginem
166 716 308 740 deoscularetur,
325 717 409 743 spiritum
419 717 456 736 Deo
465 716 587 743 placidissime
606 716 665 737 reddit
681 723 729 736 anno

54 747 170 770 flncxvln,
186 747 251 766 aetatis
265 753 309 766 suae
323 747 435 773 sexagesimo
449 753 503 767 nono.
519 747 651 767 Sanctimoniae
665 750 726 766 autem

55 776 111 800 fama,
127 782 163 802 qua
177 776 240 796 vivens
258 776 366 801 fruebatur,
382 776 486 797 confirmata
500 780 555 803 atque
574 780 628 797 aucta
639 780 669 797 -est
683 779 724 803 post

55 806 137 826 eiusdem
152 806 232 830 obitum,
248 806 373 833 instructoque
390 808 476 827 Processu
491 807 605 827 inlormativo
619 813 674 833 super
688 807 728 827 eius

54 836 167 860 Virtutibus,
179 842 235 862 eoque
250 836 301 856 iuxta
311 843 377 857 morem
385 837 474 860 discusso,
484 843 512 856 sa.
524 844 558 857 rne.
570 837 679 857 Benedictus
688 838 728 856 XIV

55 872 106 886 anno
120 866 222 886 MDCCLIII
237 865 360 886 decimotertio
374 866 466 886 Kalendas
482 867 565 886 Octobris
584 867 729 888 Commissionem

54 897 125 916 Causae
139 896 211 922 propria
235 902 289 917 manu
311 896 396 922 signavit.
416 896 503 916 Absoluta
524 896 589 916 deinde
611 897 670 916 omnia
688 899 728 916 acta

55 926 108 946 fuere
121 926 145 945 ad
159 932 224 946 causae
238 933 352 952 progressum
362 927 413 947 iuxta
423 927 531 953 apostolicas
545 927 693 950 constitutiones;
709 930 729 946 at

55 956 151 981 notissima
162 959 261 982 temporum
269 956 354 977 adiuncta
365 956 483 983 propositioni
493 963 559 976 causae
568 963 635 977 moram
646 956 729 976 fecerunt

55 986 79 1005 ad
95 992 162 1006 annum
172 992 230 1012 usque
238 986 347 1006 tricesimum
363 987 435 1007 tertium
450 987 505 1006 huius
519 987 594 1010 saeculi,
605 987 624 1006 in
638 992 674 1013 quo
688 989 730 1006 tan-

54 1016 98 1035 dem
108 1016 189 1036 discussa
199 1016 256 1042 primo
263 1023 318 1036 causa
326 1016 344 1036 in
350 1017 533 1043 Antepraeparatorio
543 1020 594 1036 coetu
600 1017 631 1036 XV
636 1016 728 1036 Kalendas

55 1047 148 1067 Octobris.
165 1048 186 1067 In
201 1046 272 1067 duabus
287 1051 349 1074 postea
363 1048 537 1074 Congregationibus
552 1048 692 1074 praeparatoriis
706 1054 728 1068 ex

54 1077 149 1104 pontificio
164 1077 234 1097 indulto
249 1081 308 1097 actum
322 1081 350 1097 est
360 1078 382 1098 de
392 1078 504 1098 Venerabilis
514 1078 565 1098 Servi
575 1078 607 1098 Dei
617 1078 728 1102 Virtutibus,

54 1107 142 1127 nimirum
156 1108 205 1127 XVII
220 1107 313 1127 Kalendas
327 1108 410 1128 Octobris
424 1115 472 1128 anno
486 1109 638 1133 MDCCCXXXIV,
649 1108 730 1129 secundo

55 1137 105 1156 VIII.
116 1137 207 1157 Kalendas
221 1138 278 1157 Maias
292 1144 340 1158 anno
351 1139 521 1159 mneccnxxvn.
537 1138 633 1159 Goneralia
654 1138 729 1158 Comitia
